price,quantity,type,timestamp
4738000,0.1982,0,2024-04-29 00:00:04.033000
4737000,0.2077,0,2024-04-29 00:00:04.033000
4736000,2.1079,0,2024-04-29 00:00:04.033000
4735000,1.2821,0,2024-04-29 00:00:04.033000
4734000,18.6487,0,2024-04-29 00:00:04.033000
4739000,3.5494,1,2024-04-29 00:00:04.033000
4740000,8.0044,1,2024-04-29 00:00:04.033000
4742000,21.6129,1,2024-04-29 00:00:04.033000
4743000,5.3095,1,2024-04-29 00:00:04.033000
4744000,10.3329,1,2024-04-29 00:00:04.033000
4737000,0.2077,0,2024-04-29 00:00:09.274000
4735000,2.1185,0,2024-04-29 00:00:09.274000
4734000,4.9202,0,2024-04-29 00:00:09.274000
4733000,15.6649,0,2024-04-29 00:00:09.274000
4732000,4.8963,0,2024-04-29 00:00:09.274000
4738000,0.8657,1,2024-04-29 00:00:09.274000
4739000,3.5389,1,2024-04-29 00:00:09.274000
4740000,11.5644,1,2024-04-29 00:00:09.274000
4741000,0.1022,1,2024-04-29 00:00:09.274000
4742000,24.5903,1,2024-04-29 00:00:09.274000
4736000,1.2422,0,2024-04-29 00:00:14.502000
4735000,3.5706,0,2024-04-29 00:00:14.502000
4734000,1.351,0,2024-04-29 00:00:14.502000
4733000,15.6649,0,2024-04-29 00:00:14.502000
4732000,4.896,0,2024-04-29 00:00:14.502000
4737000,2.7289,1,2024-04-29 00:00:14.502000
4740000,11.5655,1,2024-04-29 00:00:14.502000
4741000,0.1022,1,2024-04-29 00:00:14.502000
4742000,11.9429,1,2024-04-29 00:00:14.502000
4743000,20.637,1,2024-04-29 00:00:14.502000
4736000,1.2422,0,2024-04-29 00:00:19.725000
4735000,3.5706,0,2024-04-29 00:00:19.725000
4734000,1.351,0,2024-04-29 00:00:19.725000
4733000,16.0007,0,2024-04-29 00:00:19.725000
4732000,4.56,0,2024-04-29 00:00:19.725000
4737000,0.565,1,2024-04-29 00:00:19.725000
4740000,11.5655,1,2024-04-29 00:00:19.725000
4741000,0.1022,1,2024-04-29 00:00:19.725000
4742000,11.9429,1,2024-04-29 00:00:19.725000
4743000,20.637,1,2024-04-29 00:00:19.725000
4736000,1.2422,0,2024-04-29 00:00:25.026000
4735000,3.5706,0,2024-04-29 00:00:25.026000
4734000,1.351,0,2024-04-29 00:00:25.026000
4733000,16.0007,0,2024-04-29 00:00:25.026000
4732000,4.56,0,2024-04-29 00:00:25.026000
4737000,0.565,1,2024-04-29 00:00:25.026000
4740000,11.5655,1,2024-04-29 00:00:25.026000
4741000,0.1032,1,2024-04-29 00:00:25.026000
4742000,11.9429,1,2024-04-29 00:00:25.026000
4743000,20.637,1,2024-04-29 00:00:25.026000
4736000,1.2377,0,2024-04-29 00:00:30.255000
4735000,3.5706,0,2024-04-29 00:00:30.255000
4734000,1.6869,0,2024-04-29 00:00:30.255000
4733000,15.6649,0,2024-04-29 00:00:30.255000
4732000,4.56,0,2024-04-29 00:00:30.255000
4737000,0.5845,1,2024-04-29 00:00:30.255000
4739000,3.56,1,2024-04-29 00:00:30.255000
4740000,8.0055,1,2024-04-29 00:00:30.255000
4741000,0.1032,1,2024-04-29 00:00:30.255000
4742000,11.9429,1,2024-04-29 00:00:30.255000
4736000,1.2377,0,2024-04-29 00:00:35.479000
4735000,3.5706,0,2024-04-29 00:00:35.479000
4734000,1.351,0,2024-04-29 00:00:35.479000
4733000,16.0008,0,2024-04-29 00:00:35.479000
4732000,4.56,0,2024-04-29 00:00:35.479000
4737000,0.5715,1,2024-04-29 00:00:35.479000
4739000,3.56,1,2024-04-29 00:00:35.479000
4740000,8.0055,1,2024-04-29 00:00:35.479000
4741000,0.1032,1,2024-04-29 00:00:35.479000
4742000,11.9439,1,2024-04-29 00:00:35.479000
4735000,7.28,0,2024-04-29 00:00:40.742000
4734000,0.0887,0,2024-04-29 00:00:40.742000
4733000,20.2242,0,2024-04-29 00:00:40.742000
4732000,1.0,0,2024-04-29 00:00:40.742000
4731000,1.4176,0,2024-04-29 00:00:40.742000
4736000,1.4623,1,2024-04-29 00:00:40.742000
4737000,0.0,1,2024-04-29 00:00:40.742000
4740000,12.0655,1,2024-04-29 00:00:40.742000
4741000,0.1032,1,2024-04-29 00:00:40.742000
4742000,11.9439,1,2024-04-29 00:00:40.742000
4736000,2.1079,0,2024-04-29 00:00:45.997000
4735000,3.5706,0,2024-04-29 00:00:45.997000
4734000,0.4242,0,2024-04-29 00:00:45.997000
4733000,20.2242,0,2024-04-29 00:00:45.997000
4732000,1.0,0,2024-04-29 00:00:45.997000
4740000,12.0375,1,2024-04-29 00:00:45.997000
4741000,0.1032,1,2024-04-29 00:00:45.997000
4742000,8.9439,1,2024-04-29 00:00:45.997000
4743000,18.4298,1,2024-04-29 00:00:45.997000
4744000,11.538,1,2024-04-29 00:00:45.997000
4736000,2.1079,0,2024-04-29 00:00:51.259000
4735000,3.5706,0,2024-04-29 00:00:51.259000
4734000,0.4242,0,2024-04-29 00:00:51.259000
4733000,20.2242,0,2024-04-29 00:00:51.259000
4732000,1.0,0,2024-04-29 00:00:51.259000
4740000,12.0375,1,2024-04-29 00:00:51.259000
4741000,0.1032,1,2024-04-29 00:00:51.259000
4742000,8.9439,1,2024-04-29 00:00:51.259000
4743000,18.4298,1,2024-04-29 00:00:51.259000
4744000,11.538,1,2024-04-29 00:00:51.259000
4736000,2.0973,0,2024-04-29 00:00:56.498000
4735000,3.5706,0,2024-04-29 00:00:56.498000
4734000,0.4242,0,2024-04-29 00:00:56.498000
4733000,20.2242,0,2024-04-29 00:00:56.498000
4732000,1.0,0,2024-04-29 00:00:56.498000
4740000,12.0375,1,2024-04-29 00:00:56.498000
4741000,0.1032,1,2024-04-29 00:00:56.498000
4742000,8.9439,1,2024-04-29 00:00:56.498000
4743000,18.4298,1,2024-04-29 00:00:56.498000
4744000,11.538,1,2024-04-29 00:00:56.498000
4736000,2.0951,0,2024-04-29 00:01:01.764000
4735000,3.5706,0,2024-04-29 00:01:01.764000
4734000,0.4242,0,2024-04-29 00:01:01.764000
4733000,21.2242,0,2024-04-29 00:01:01.764000
4732000,1.0,0,2024-04-29 00:01:01.764000
4739000,2.5466,1,2024-04-29 00:01:01.764000
4740000,8.4775,1,2024-04-29 00:01:01.764000
4741000,0.1032,1,2024-04-29 00:01:01.764000
4742000,3.6139,1,2024-04-29 00:01:01.764000
4743000,18.4298,1,2024-04-29 00:01:01.764000
4736000,20.2452,0,2024-04-29 00:01:06.987000
4735000,3.5706,0,2024-04-29 00:01:06.987000
4734000,1.0887,0,2024-04-29 00:01:06.987000
4733000,1.4572,0,2024-04-29 00:01:06.987000
4732000,6.33,0,2024-04-29 00:01:06.987000
4739000,0.8922,1,2024-04-29 00:01:06.987000
4740000,8.4775,1,2024-04-29 00:01:06.987000
4741000,0.001,1,2024-04-29 00:01:06.987000
4742000,3.6139,1,2024-04-29 00:01:06.987000
4744000,7.5629,1,2024-04-29 00:01:06.987000
4738000,2.9492,0,2024-04-29 00:01:12.235000
4737000,4.7822,0,2024-04-29 00:01:12.235000
4736000,15.0,0,2024-04-29 00:01:12.235000
4735000,5.1132,0,2024-04-29 00:01:12.235000
4734000,1.0887,0,2024-04-29 00:01:12.235000
4740000,7.6573,1,2024-04-29 00:01:12.235000
4741000,0.001,1,2024-04-29 00:01:12.235000
4742000,3.6139,1,2024-04-29 00:01:12.235000
4743000,0.1022,1,2024-04-29 00:01:12.235000
4744000,22.5629,1,2024-04-29 00:01:12.235000
4738000,0.3172,0,2024-04-29 00:01:17.458000
4737000,7.0538,0,2024-04-29 00:01:17.458000
4736000,15.0,0,2024-04-29 00:01:17.458000
4735000,3.8958,0,2024-04-29 00:01:17.458000
4734000,1.0761,0,2024-04-29 00:01:17.458000
4740000,7.6573,1,2024-04-29 00:01:17.458000
4741000,3.561,1,2024-04-29 00:01:17.458000
4742000,0.0539,1,2024-04-29 00:01:17.458000
4743000,0.1022,1,2024-04-29 00:01:17.458000
4744000,22.5609,1,2024-04-29 00:01:17.458000
4738000,2.4251,0,2024-04-29 00:01:22.690000
4737000,2.6003,0,2024-04-29 00:01:22.690000
4736000,19.346,0,2024-04-29 00:01:22.690000
4735000,4.56,0,2024-04-29 00:01:22.690000
4734000,1.0633,0,2024-04-29 00:01:22.690000
4739000,0.0728,1,2024-04-29 00:01:22.690000
4740000,7.645,1,2024-04-29 00:01:22.690000
4741000,0.001,1,2024-04-29 00:01:22.690000
4742000,0.0539,1,2024-04-29 00:01:22.690000
4743000,0.1022,1,2024-04-29 00:01:22.690000
4738000,2.4251,0,2024-04-29 00:01:27.915000
4737000,6.1603,0,2024-04-29 00:01:27.915000
4736000,20.5523,0,2024-04-29 00:01:27.915000
4735000,1.0,0,2024-04-29 00:01:27.915000
4734000,1.0633,0,2024-04-29 00:01:27.915000
4739000,0.0152,1,2024-04-29 00:01:27.915000
4740000,7.645,1,2024-04-29 00:01:27.915000
4741000,0.001,1,2024-04-29 00:01:27.915000
4742000,0.0539,1,2024-04-29 00:01:27.915000
4743000,3.6622,1,2024-04-29 00:01:27.915000
4738000,5.9851,0,2024-04-29 00:01:33.133000
4737000,2.6003,0,2024-04-29 00:01:33.133000
4736000,19.346,0,2024-04-29 00:01:33.133000
4735000,1.0,0,2024-04-29 00:01:33.133000
4734000,1.0633,0,2024-04-29 00:01:33.133000
4740000,7.635,1,2024-04-29 00:01:33.133000
4741000,0.001,1,2024-04-29 00:01:33.133000
4742000,0.0539,1,2024-04-29 00:01:33.133000
4743000,3.6622,1,2024-04-29 00:01:33.133000
4744000,1.0009,1,2024-04-29 00:01:33.133000
4738000,5.8269,0,2024-04-29 00:01:38.350000
4737000,1.3859,0,2024-04-29 00:01:38.350000
4736000,20.5523,0,2024-04-29 00:01:38.350000
4735000,1.0,0,2024-04-29 00:01:38.350000
4734000,1.0633,0,2024-04-29 00:01:38.350000
4740000,7.635,1,2024-04-29 00:01:38.350000
4741000,0.001,1,2024-04-29 00:01:38.350000
4742000,0.0539,1,2024-04-29 00:01:38.350000
4743000,3.6622,1,2024-04-29 00:01:38.350000
4744000,1.0009,1,2024-04-29 00:01:38.350000
4738000,5.829,0,2024-04-29 00:01:43.676000
4737000,1.3859,0,2024-04-29 00:01:43.676000
4736000,19.3463,0,2024-04-29 00:01:43.676000
4735000,2.2063,0,2024-04-29 00:01:43.676000
4734000,1.0633,0,2024-04-29 00:01:43.676000
4740000,7.635,1,2024-04-29 00:01:43.676000
4741000,0.001,1,2024-04-29 00:01:43.676000
4742000,0.0539,1,2024-04-29 00:01:43.676000
4743000,0.1022,1,2024-04-29 00:01:43.676000
4744000,1.0009,1,2024-04-29 00:01:43.676000
4738000,0.1611,0,2024-04-29 00:01:48.933000
4737000,2.1083,0,2024-04-29 00:01:48.933000
4736000,1.6559,0,2024-04-29 00:01:48.933000
4735000,18.8955,0,2024-04-29 00:01:48.933000
4734000,1.0633,0,2024-04-29 00:01:48.933000
4740000,7.3256,1,2024-04-29 00:01:48.933000
4741000,0.001,1,2024-04-29 00:01:48.933000
4742000,0.0539,1,2024-04-29 00:01:48.933000
4743000,0.1022,1,2024-04-29 00:01:48.933000
4744000,1.0009,1,2024-04-29 00:01:48.933000
4738000,0.1611,0,2024-04-29 00:01:54.153000
4737000,5.6683,0,2024-04-29 00:01:54.153000
4736000,0.4506,0,2024-04-29 00:01:54.153000
4735000,20.1023,0,2024-04-29 00:01:54.153000
4734000,1.0633,0,2024-04-29 00:01:54.153000
4740000,7.3256,1,2024-04-29 00:01:54.153000
4741000,0.001,1,2024-04-29 00:01:54.153000
4742000,0.0539,1,2024-04-29 00:01:54.153000
4743000,0.1022,1,2024-04-29 00:01:54.153000
4744000,1.0009,1,2024-04-29 00:01:54.153000
4737000,2.1083,0,2024-04-29 00:01:59.373000
4736000,3.198,0,2024-04-29 00:01:59.373000
4735000,18.56,0,2024-04-29 00:01:59.373000
4734000,1.0633,0,2024-04-29 00:01:59.373000
4733000,1.4353,0,2024-04-29 00:01:59.373000
4740000,7.3266,1,2024-04-29 00:01:59.373000
4741000,0.001,1,2024-04-29 00:01:59.373000
4742000,0.0539,1,2024-04-29 00:01:59.373000
4743000,0.1022,1,2024-04-29 00:01:59.373000
4744000,4.5609,1,2024-04-29 00:01:59.373000
4739000,1.2165,0,2024-04-29 00:02:04.626000
4738000,2.1083,0,2024-04-29 00:02:04.626000
4737000,22.4554,0,2024-04-29 00:02:04.626000
4736000,1.4506,0,2024-04-29 00:02:04.626000
4735000,1.0,0,2024-04-29 00:02:04.626000
4740000,3.2672,1,2024-04-29 00:02:04.626000
4741000,0.001,1,2024-04-29 00:02:04.626000
4742000,0.0539,1,2024-04-29 00:02:04.626000
4743000,0.1022,1,2024-04-29 00:02:04.626000
4744000,1.0009,1,2024-04-29 00:02:04.626000
4740000,5.0033,0,2024-04-29 00:02:09.883000
4739000,5.6573,0,2024-04-29 00:02:09.883000
4738000,0.3354,0,2024-04-29 00:02:09.883000
4737000,16.0,0,2024-04-29 00:02:09.883000
4736000,1.0,0,2024-04-29 00:02:09.883000
4742000,0.0094,1,2024-04-29 00:02:09.883000
4744000,1.0009,1,2024-04-29 00:02:09.883000
4745000,5.0398,1,2024-04-29 00:02:09.883000
4747000,21.56,1,2024-04-29 00:02:09.883000
4748000,5.8873,1,2024-04-29 00:02:09.883000
4740000,6.9854,0,2024-04-29 00:02:15.125000
4739000,4.6564,0,2024-04-29 00:02:15.125000
4738000,0.9804,0,2024-04-29 00:02:15.125000
4737000,16.0,0,2024-04-29 00:02:15.125000
4736000,1.0,0,2024-04-29 00:02:15.125000
4741000,0.0,1,2024-04-29 00:02:15.125000
4742000,0.0094,1,2024-04-29 00:02:15.125000
4743000,0.001,1,2024-04-29 00:02:15.125000
4744000,4.5609,1,2024-04-29 00:02:15.125000
4745000,1.4798,1,2024-04-29 00:02:15.125000
4741000,2.1233,0,2024-04-29 00:02:20.354000
4740000,0.645,0,2024-04-29 00:02:20.354000
4739000,2.4463,0,2024-04-29 00:02:20.354000
4738000,3.56,0,2024-04-29 00:02:20.354000
4737000,16.336,0,2024-04-29 00:02:20.354000
4742000,0.0094,1,2024-04-29 00:02:20.354000
4743000,3.561,1,2024-04-29 00:02:20.354000
4744000,1.0009,1,2024-04-29 00:02:20.354000
4745000,5.0398,1,2024-04-29 00:02:20.354000
4746000,0.002,1,2024-04-29 00:02:20.354000
4741000,1.7193,0,2024-04-29 00:02:25.585000
4740000,0.875,0,2024-04-29 00:02:25.585000
4739000,4.6564,0,2024-04-29 00:02:25.585000
4738000,0.3356,0,2024-04-29 00:02:25.585000
4737000,19.56,0,2024-04-29 00:02:25.585000
4742000,0.0094,1,2024-04-29 00:02:25.585000
4743000,0.001,1,2024-04-29 00:02:25.585000
4744000,4.5609,1,2024-04-29 00:02:25.585000
4745000,5.0398,1,2024-04-29 00:02:25.585000
4746000,0.002,1,2024-04-29 00:02:25.585000
4740000,2.9815,0,2024-04-29 00:02:30.820000
4739000,5.0416,0,2024-04-29 00:02:30.820000
4737000,18.8957,0,2024-04-29 00:02:30.820000
4736000,6.33,0,2024-04-29 00:02:30.820000
4735000,1.4232,0,2024-04-29 00:02:30.820000
4741000,0.2001,1,2024-04-29 00:02:30.820000
4742000,0.0094,1,2024-04-29 00:02:30.820000
4743000,3.561,1,2024-04-29 00:02:30.820000
4744000,1.0009,1,2024-04-29 00:02:30.820000
4745000,5.0398,1,2024-04-29 00:02:30.820000
4740000,0.875,0,2024-04-29 00:02:36.049000
4739000,3.2029,0,2024-04-29 00:02:36.049000
4738000,0.1206,0,2024-04-29 00:02:36.049000
4737000,0.0504,0,2024-04-29 00:02:36.049000
4736000,18.56,0,2024-04-29 00:02:36.049000
4741000,0.0053,1,2024-04-29 00:02:36.049000
4742000,0.0094,1,2024-04-29 00:02:36.049000
4743000,0.001,1,2024-04-29 00:02:36.049000
4744000,18.5879,1,2024-04-29 00:02:36.049000
4745000,4.4798,1,2024-04-29 00:02:36.049000
4740000,0.875,0,2024-04-29 00:02:41.321000
4739000,3.323,0,2024-04-29 00:02:41.321000
4738000,0.0505,0,2024-04-29 00:02:41.321000
4737000,0.3359,0,2024-04-29 00:02:41.321000
4736000,15.0,0,2024-04-29 00:02:41.321000
4741000,0.0053,1,2024-04-29 00:02:41.321000
4742000,0.0094,1,2024-04-29 00:02:41.321000
4743000,0.001,1,2024-04-29 00:02:41.321000
4744000,1.0009,1,2024-04-29 00:02:41.321000
4745000,9.4845,1,2024-04-29 00:02:41.321000
4740000,3.1016,0,2024-04-29 00:02:46.566000
4739000,16.0964,0,2024-04-29 00:02:46.566000
4737000,1.3354,0,2024-04-29 00:02:46.566000
4736000,1.0,0,2024-04-29 00:02:46.566000
4735000,1.0046,0,2024-04-29 00:02:46.566000
4741000,0.0,1,2024-04-29 00:02:46.566000
4742000,0.0094,1,2024-04-29 00:02:46.566000
4743000,0.001,1,2024-04-29 00:02:46.566000
4744000,1.0009,1,2024-04-29 00:02:46.566000
4745000,5.0398,1,2024-04-29 00:02:46.566000
4739000,1.0964,0,2024-04-29 00:02:51.854000
4738000,0.0583,0,2024-04-29 00:02:51.854000
4737000,16.0,0,2024-04-29 00:02:51.854000
4736000,1.336,0,2024-04-29 00:02:51.854000
4735000,1.0046,0,2024-04-29 00:02:51.854000
4740000,1.5107,1,2024-04-29 00:02:51.854000
4741000,0.0,1,2024-04-29 00:02:51.854000
4742000,0.0094,1,2024-04-29 00:02:51.854000
4743000,0.001,1,2024-04-29 00:02:51.854000
4744000,1.0009,1,2024-04-29 00:02:51.854000
4740000,3.2897,0,2024-04-29 00:02:57.092000
4739000,1.0964,0,2024-04-29 00:02:57.092000
4738000,0.0575,0,2024-04-29 00:02:57.092000
4737000,16.3357,0,2024-04-29 00:02:57.092000
4736000,1.0,0,2024-04-29 00:02:57.092000
4741000,0.0,1,2024-04-29 00:02:57.092000
4742000,0.0094,1,2024-04-29 00:02:57.092000
4743000,0.001,1,2024-04-29 00:02:57.092000
4744000,1.0009,1,2024-04-29 00:02:57.092000
4745000,5.0398,1,2024-04-29 00:02:57.092000
4740000,2.2266,0,2024-04-29 00:03:02.384000
4739000,1.1513,0,2024-04-29 00:03:02.384000
4738000,0.3355,0,2024-04-29 00:03:02.384000
4737000,16.0,0,2024-04-29 00:03:02.384000
4736000,1.0,0,2024-04-29 00:03:02.384000
4741000,0.0,1,2024-04-29 00:03:02.384000
4742000,0.0094,1,2024-04-29 00:03:02.384000
4743000,0.001,1,2024-04-29 00:03:02.384000
4744000,1.0009,1,2024-04-29 00:03:02.384000
4745000,5.0398,1,2024-04-29 00:03:02.384000
4740000,2.1619,0,2024-04-29 00:03:07.636000
4739000,16.0964,0,2024-04-29 00:03:07.636000
4738000,0.3355,0,2024-04-29 00:03:07.636000
4737000,1.0,0,2024-04-29 00:03:07.636000
4736000,1.4479,0,2024-04-29 00:03:07.636000
4744000,0.9123,1,2024-04-29 00:03:07.636000
4745000,1.4798,1,2024-04-29 00:03:07.636000
4746000,0.002,1,2024-04-29 00:03:07.636000
4747000,1.4418,1,2024-04-29 00:03:07.636000
4748000,23.4493,1,2024-04-29 00:03:07.636000
4740000,2.1057,0,2024-04-29 00:03:12.870000
4739000,2.2913,0,2024-04-29 00:03:12.870000
4738000,15.3353,0,2024-04-29 00:03:12.870000
4737000,2.895,0,2024-04-29 00:03:12.870000
4736000,1.4479,0,2024-04-29 00:03:12.870000
4744000,0.9123,1,2024-04-29 00:03:12.870000
4745000,2.9196,1,2024-04-29 00:03:12.870000
4746000,18.6622,1,2024-04-29 00:03:12.870000
4747000,0.0054,1,2024-04-29 00:03:12.870000
4748000,4.4256,1,2024-04-29 00:03:12.870000
4740000,1.4577,0,2024-04-29 00:03:18.108000
4739000,4.223,0,2024-04-29 00:03:18.108000
4738000,3.4335,0,2024-04-29 00:03:18.108000
4737000,18.2304,0,2024-04-29 00:03:18.108000
4736000,1.0,0,2024-04-29 00:03:18.108000
4743000,3.0,1,2024-04-29 00:03:18.108000
4744000,0.8557,1,2024-04-29 00:03:18.108000
4745000,1.9196,1,2024-04-29 00:03:18.108000
4746000,18.6622,1,2024-04-29 00:03:18.108000
4747000,3.0074,1,2024-04-29 00:03:18.108000
4740000,1.521,0,2024-04-29 00:03:23.358000
4739000,4.223,0,2024-04-29 00:03:23.358000
4738000,3.4335,0,2024-04-29 00:03:23.358000
4737000,16.3354,0,2024-04-29 00:03:23.358000
4736000,1.0,0,2024-04-29 00:03:23.358000
4743000,3.0,1,2024-04-29 00:03:23.358000
4744000,2.2955,1,2024-04-29 00:03:23.358000
4745000,0.4798,1,2024-04-29 00:03:23.358000
4746000,18.6622,1,2024-04-29 00:03:23.358000
4747000,3.0074,1,2024-04-29 00:03:23.358000
4740000,3.6271,0,2024-04-29 00:03:28.593000
4739000,2.2912,0,2024-04-29 00:03:28.593000
4738000,2.5636,0,2024-04-29 00:03:28.593000
4737000,16.0,0,2024-04-29 00:03:28.593000
4736000,1.0,0,2024-04-29 00:03:28.593000
4743000,3.0,1,2024-04-29 00:03:28.593000
4744000,0.8557,1,2024-04-29 00:03:28.593000
4745000,1.9196,1,2024-04-29 00:03:28.593000
4746000,3.6622,1,2024-04-29 00:03:28.593000
4747000,18.0074,1,2024-04-29 00:03:28.593000
4741000,3.1372,0,2024-04-29 00:03:33.862000
4740000,1.521,0,2024-04-29 00:03:33.862000
4739000,2.6267,0,2024-04-29 00:03:33.862000
4738000,17.2278,0,2024-04-29 00:03:33.862000
4737000,1.0,0,2024-04-29 00:03:33.862000
4743000,2.0169,1,2024-04-29 00:03:33.862000
4744000,0.8557,1,2024-04-29 00:03:33.862000
4745000,1.9121,1,2024-04-29 00:03:33.862000
4746000,3.6622,1,2024-04-29 00:03:33.862000
4747000,3.0074,1,2024-04-29 00:03:33.862000
4741000,1.0311,0,2024-04-29 00:03:39.131000
4740000,2.1697,0,2024-04-29 00:03:39.131000
4739000,1.0857,0,2024-04-29 00:03:39.131000
4738000,2.2278,0,2024-04-29 00:03:39.131000
4737000,16.5413,0,2024-04-29 00:03:39.131000
4743000,1.9519,1,2024-04-29 00:03:39.131000
4744000,2.2825,1,2024-04-29 00:03:39.131000
4745000,13.0621,1,2024-04-29 00:03:39.131000
4746000,3.1022,1,2024-04-29 00:03:39.131000
4747000,4.0074,1,2024-04-29 00:03:39.131000
4740000,0.0632,0,2024-04-29 00:03:44.373000
4739000,3.1922,0,2024-04-29 00:03:44.373000
4738000,2.2278,0,2024-04-29 00:03:44.373000
4737000,0.0833,0,2024-04-29 00:03:44.373000
4736000,15.3361,0,2024-04-29 00:03:44.373000
4743000,5.5119,1,2024-04-29 00:03:44.373000
4744000,2.2825,1,2024-04-29 00:03:44.373000
4745000,19.6221,1,2024-04-29 00:03:44.373000
4746000,4.1022,1,2024-04-29 00:03:44.373000
4747000,4.4595,1,2024-04-29 00:03:44.373000
4740000,0.0566,0,2024-04-29 00:03:49.618000
4739000,2.7515,0,2024-04-29 00:03:49.618000
4738000,2.2278,0,2024-04-29 00:03:49.618000
4737000,0.0833,0,2024-04-29 00:03:49.618000
4736000,15.4425,0,2024-04-29 00:03:49.618000
4743000,6.8529,1,2024-04-29 00:03:49.618000
4744000,3.8557,1,2024-04-29 00:03:49.618000
4745000,20.6221,1,2024-04-29 00:03:49.618000
4746000,4.1022,1,2024-04-29 00:03:49.618000
4747000,9.7875,1,2024-04-29 00:03:49.618000
4740000,0.0566,0,2024-04-29 00:03:54.868000
4739000,2.1065,0,2024-04-29 00:03:54.868000
4738000,2.2278,0,2024-04-29 00:03:54.868000
4736000,0.5258,0,2024-04-29 00:03:54.868000
4735000,15.3402,0,2024-04-29 00:03:54.868000
4743000,9.8529,1,2024-04-29 00:03:54.868000
4744000,3.8557,1,2024-04-29 00:03:54.868000
4745000,20.6221,1,2024-04-29 00:03:54.868000
4746000,4.1022,1,2024-04-29 00:03:54.868000
4747000,15.1195,1,2024-04-29 00:03:54.868000
4739000,2.1065,0,2024-04-29 00:04:00.091000
4738000,2.2278,0,2024-04-29 00:04:00.091000
4736000,0.5258,0,2024-04-29 00:04:00.091000
4735000,15.0046,0,2024-04-29 00:04:00.091000
4734000,0.0886,0,2024-04-29 00:04:00.091000
4741000,7.0886,1,2024-04-29 00:04:00.091000
4743000,4.8661,1,2024-04-29 00:04:00.091000
4744000,4.9579,1,2024-04-29 00:04:00.091000
4745000,19.1691,1,2024-04-29 00:04:00.091000
4746000,4.436,1,2024-04-29 00:04:00.091000
4738000,4.3348,0,2024-04-29 00:04:05.368000
4735000,0.0046,0,2024-04-29 00:04:05.368000
4734000,15.4246,0,2024-04-29 00:04:05.368000
4733000,1.2107,0,2024-04-29 00:04:05.368000
4732000,1.8997,0,2024-04-29 00:04:05.368000
4741000,7.0886,1,2024-04-29 00:04:05.368000
4742000,18.0,1,2024-04-29 00:04:05.368000
4743000,5.8661,1,2024-04-29 00:04:05.368000
4744000,6.1649,1,2024-04-29 00:04:05.368000
4745000,6.5868,1,2024-04-29 00:04:05.368000
4738000,4.3348,0,2024-04-29 00:04:10.604000
4735000,0.4364,0,2024-04-29 00:04:10.604000
4734000,15.0886,0,2024-04-29 00:04:10.604000
4733000,1.2107,0,2024-04-29 00:04:10.604000
4732000,1.8997,0,2024-04-29 00:04:10.604000
4740000,2.9886,1,2024-04-29 00:04:10.604000
4741000,7.0886,1,2024-04-29 00:04:10.604000
4742000,3.0,1,2024-04-29 00:04:10.604000
4743000,20.8682,1,2024-04-29 00:04:10.604000
4744000,6.1649,1,2024-04-29 00:04:10.604000
4738000,4.1171,0,2024-04-29 00:04:15.869000
4736000,0.3357,0,2024-04-29 00:04:15.869000
4735000,15.1006,0,2024-04-29 00:04:15.869000
4734000,0.0886,0,2024-04-29 00:04:15.869000
4733000,1.2106,0,2024-04-29 00:04:15.869000
4740000,0.5718,1,2024-04-29 00:04:15.869000
4741000,7.0886,1,2024-04-29 00:04:15.869000
4742000,3.0,1,2024-04-29 00:04:15.869000
4743000,5.8682,1,2024-04-29 00:04:15.869000
4744000,19.9579,1,2024-04-29 00:04:15.869000
4738000,4.1171,0,2024-04-29 00:04:21.098000
4735000,15.1006,0,2024-04-29 00:04:21.098000
4734000,0.0886,0,2024-04-29 00:04:21.098000
4733000,0.3399,0,2024-04-29 00:04:21.098000
4732000,1.8997,0,2024-04-29 00:04:21.098000
4740000,0.4666,1,2024-04-29 00:04:21.098000
4741000,7.0886,1,2024-04-29 00:04:21.098000
4742000,3.0,1,2024-04-29 00:04:21.098000
4743000,4.0021,1,2024-04-29 00:04:21.098000
4744000,19.9579,1,2024-04-29 00:04:21.098000
4738000,4.1171,0,2024-04-29 00:04:26.402000
4735000,15.3407,0,2024-04-29 00:04:26.402000
4734000,1.2954,0,2024-04-29 00:04:26.402000
4733000,0.0037,0,2024-04-29 00:04:26.402000
4732000,1.8997,0,2024-04-29 00:04:26.402000
4739000,3.4754,1,2024-04-29 00:04:26.402000
4740000,0.4666,1,2024-04-29 00:04:26.402000
4741000,7.0886,1,2024-04-29 00:04:26.402000
4742000,3.0,1,2024-04-29 00:04:26.402000
4743000,4.0021,1,2024-04-29 00:04:26.402000
4738000,4.1113,0,2024-04-29 00:04:31.695000
4735000,15.0046,0,2024-04-29 00:04:31.695000
4734000,0.0886,0,2024-04-29 00:04:31.695000
4733000,1.5469,0,2024-04-29 00:04:31.695000
4732000,1.8997,0,2024-04-29 00:04:31.695000
4739000,1.5623,1,2024-04-29 00:04:31.695000
4740000,0.4666,1,2024-04-29 00:04:31.695000
4741000,7.12,1,2024-04-29 00:04:31.695000
4742000,3.1022,1,2024-04-29 00:04:31.695000
4743000,9.3321,1,2024-04-29 00:04:31.695000
4738000,4.0333,0,2024-04-29 00:04:36.933000
4735000,15.0046,0,2024-04-29 00:04:36.933000
4734000,0.4243,0,2024-04-29 00:04:36.933000
4733000,0.0037,0,2024-04-29 00:04:36.933000
4732000,1.8997,0,2024-04-29 00:04:36.933000
4739000,1.3948,1,2024-04-29 00:04:36.933000
4740000,0.4666,1,2024-04-29 00:04:36.933000
4741000,7.12,1,2024-04-29 00:04:36.933000
4742000,3.1022,1,2024-04-29 00:04:36.933000
4743000,9.3321,1,2024-04-29 00:04:36.933000
4739000,0.606,0,2024-04-29 00:04:42.153000
4738000,4.0333,0,2024-04-29 00:04:42.153000
4735000,15.0046,0,2024-04-29 00:04:42.153000
4734000,0.0252,0,2024-04-29 00:04:42.153000
4733000,1.2157,0,2024-04-29 00:04:42.153000
4740000,4.7667,1,2024-04-29 00:04:42.153000
4741000,7.12,1,2024-04-29 00:04:42.153000
4742000,3.1022,1,2024-04-29 00:04:42.153000
4743000,9.3321,1,2024-04-29 00:04:42.153000
4744000,19.8734,1,2024-04-29 00:04:42.153000
4739000,0.4978,0,2024-04-29 00:04:47.378000
4738000,4.0333,0,2024-04-29 00:04:47.378000
4735000,15.0046,0,2024-04-29 00:04:47.378000
4734000,1.232,0,2024-04-29 00:04:47.378000
4733000,0.3448,0,2024-04-29 00:04:47.378000
4740000,11.7756,1,2024-04-29 00:04:47.378000
4742000,5.33,1,2024-04-29 00:04:47.378000
4743000,8.4343,1,2024-04-29 00:04:47.378000
4744000,19.8734,1,2024-04-29 00:04:47.378000
4745000,11.0167,1,2024-04-29 00:04:47.378000
4739000,0.4443,0,2024-04-29 00:04:52.602000
4738000,4.0333,0,2024-04-29 00:04:52.602000
4735000,15.0046,0,2024-04-29 00:04:52.602000
4734000,0.3612,0,2024-04-29 00:04:52.602000
4733000,2.2157,0,2024-04-29 00:04:52.602000
4740000,11.3248,1,2024-04-29 00:04:52.602000
4743000,8.4343,1,2024-04-29 00:04:52.602000
4744000,19.8557,1,2024-04-29 00:04:52.602000
4745000,11.0167,1,2024-04-29 00:04:52.602000
4746000,66.8502,1,2024-04-29 00:04:52.602000
4739000,0.44,0,2024-04-29 00:04:57.845000
4738000,4.0333,0,2024-04-29 00:04:57.845000
4736000,0.2487,0,2024-04-29 00:04:57.845000
4735000,15.0046,0,2024-04-29 00:04:57.845000
4734000,0.3612,0,2024-04-29 00:04:57.845000
4740000,0.7604,1,2024-04-29 00:04:57.845000
4742000,1.414,1,2024-04-29 00:04:57.845000
4743000,13.7643,1,2024-04-29 00:04:57.845000
4744000,19.8557,1,2024-04-29 00:04:57.845000
4745000,5.6867,1,2024-04-29 00:04:57.845000
4739000,0.9858,0,2024-04-29 00:05:03.079000
4738000,4.0333,0,2024-04-29 00:05:03.079000
4736000,0.2487,0,2024-04-29 00:05:03.079000
4735000,15.0046,0,2024-04-29 00:05:03.079000
4734000,0.3612,0,2024-04-29 00:05:03.079000
4740000,0.7292,1,2024-04-29 00:05:03.079000
4742000,1.414,1,2024-04-29 00:05:03.079000
4743000,13.7643,1,2024-04-29 00:05:03.079000
4744000,19.8557,1,2024-04-29 00:05:03.079000
4745000,4.4798,1,2024-04-29 00:05:03.079000
4739000,0.9858,0,2024-04-29 00:05:08.309000
4738000,4.0333,0,2024-04-29 00:05:08.309000
4736000,0.253,0,2024-04-29 00:05:08.309000
4735000,15.0046,0,2024-04-29 00:05:08.309000
4734000,0.0252,0,2024-04-29 00:05:08.309000
4740000,0.748,1,2024-04-29 00:05:08.309000
4742000,1.414,1,2024-04-29 00:05:08.309000
4743000,8.4343,1,2024-04-29 00:05:08.309000
4744000,21.0625,1,2024-04-29 00:05:08.309000
4745000,4.4798,1,2024-04-29 00:05:08.309000
4739000,0.9858,0,2024-04-29 00:05:13.540000
4738000,4.0333,0,2024-04-29 00:05:13.540000
4736000,0.253,0,2024-04-29 00:05:13.540000
4735000,15.0046,0,2024-04-29 00:05:13.540000
4734000,0.0252,0,2024-04-29 00:05:13.540000
4740000,0.6208,1,2024-04-29 00:05:13.540000
4742000,1.414,1,2024-04-29 00:05:13.540000
4743000,9.6414,1,2024-04-29 00:05:13.540000
4744000,19.8557,1,2024-04-29 00:05:13.540000
4745000,4.815,1,2024-04-29 00:05:13.540000
4739000,0.9858,0,2024-04-29 00:05:18.812000
4738000,4.0333,0,2024-04-29 00:05:18.812000
4736000,0.0043,0,2024-04-29 00:05:18.812000
4735000,15.0046,0,2024-04-29 00:05:18.812000
4734000,0.0252,0,2024-04-29 00:05:18.812000
4740000,4.1808,1,2024-04-29 00:05:18.812000
4742000,1.4281,1,2024-04-29 00:05:18.812000
4743000,9.6414,1,2024-04-29 00:05:18.812000
4744000,25.1857,1,2024-04-29 00:05:18.812000
4745000,10.145,1,2024-04-29 00:05:18.812000
4738000,4.0048,0,2024-04-29 00:05:24.044000
4736000,0.0043,0,2024-04-29 00:05:24.044000
4735000,0.0046,0,2024-04-29 00:05:24.044000
4734000,0.5518,0,2024-04-29 00:05:24.044000
4733000,15.03,0,2024-04-29 00:05:24.044000
4740000,9.5072,1,2024-04-29 00:05:24.044000
4742000,9.5375,1,2024-04-29 00:05:24.044000
4743000,4.1043,1,2024-04-29 00:05:24.044000
4744000,82.2703,1,2024-04-29 00:05:24.044000
4745000,4.9103,1,2024-04-29 00:05:24.044000
4738000,0.2147,0,2024-04-29 00:05:29.264000
4737000,2.107,0,2024-04-29 00:05:29.264000
4736000,0.0043,0,2024-04-29 00:05:29.264000
4735000,0.0046,0,2024-04-29 00:05:29.264000
4734000,0.5518,0,2024-04-29 00:05:29.264000
4740000,10.0012,1,2024-04-29 00:05:29.264000
4742000,9.5374,1,2024-04-29 00:05:29.264000
4743000,4.4043,1,2024-04-29 00:05:29.264000
4744000,81.9351,1,2024-04-29 00:05:29.264000
4745000,5.2454,1,2024-04-29 00:05:29.264000
4736000,2.114,0,2024-04-29 00:05:34.485000
4735000,0.0046,0,2024-04-29 00:05:34.485000
4734000,0.0252,0,2024-04-29 00:05:34.485000
4733000,15.03,0,2024-04-29 00:05:34.485000
4732000,0.4494,0,2024-04-29 00:05:34.485000
4739000,4.9993,1,2024-04-29 00:05:34.485000
4740000,9.4076,1,2024-04-29 00:05:34.485000
4741000,3.1022,1,2024-04-29 00:05:34.485000
4742000,9.33,1,2024-04-29 00:05:34.485000
4743000,4.7218,1,2024-04-29 00:05:34.485000
4736000,2.114,0,2024-04-29 00:05:39.715000
4735000,0.0046,0,2024-04-29 00:05:39.715000
4734000,0.0252,0,2024-04-29 00:05:39.715000
4733000,15.03,0,2024-04-29 00:05:39.715000
4732000,0.5701,0,2024-04-29 00:05:39.715000
4738000,7.12,1,2024-04-29 00:05:39.715000
4740000,5.8476,1,2024-04-29 00:05:39.715000
4741000,3.1022,1,2024-04-29 00:05:39.715000
4742000,9.33,1,2024-04-29 00:05:39.715000
4743000,61.4712,1,2024-04-29 00:05:39.715000
4736000,2.114,0,2024-04-29 00:05:44.933000
4735000,0.0046,0,2024-04-29 00:05:44.933000
4734000,0.0252,0,2024-04-29 00:05:44.933000
4733000,15.3661,0,2024-04-29 00:05:44.933000
4732000,0.5701,0,2024-04-29 00:05:44.933000
4737000,3.4311,1,2024-04-29 00:05:44.933000
4738000,2.51,1,2024-04-29 00:05:44.933000
4740000,5.8476,1,2024-04-29 00:05:44.933000
4741000,3.1022,1,2024-04-29 00:05:44.933000
4742000,10.5373,1,2024-04-29 00:05:44.933000
4736000,1.7341,0,2024-04-29 00:05:50.159000
4735000,0.0046,0,2024-04-29 00:05:50.159000
4734000,0.0252,0,2024-04-29 00:05:50.159000
4733000,15.03,0,2024-04-29 00:05:50.159000
4732000,0.9062,0,2024-04-29 00:05:50.159000
4737000,1.7142,1,2024-04-29 00:05:50.159000
4738000,2.56,1,2024-04-29 00:05:50.159000
4739000,1.442,1,2024-04-29 00:05:50.159000
4740000,5.8476,1,2024-04-29 00:05:50.159000
4741000,3.1022,1,2024-04-29 00:05:50.159000
4736000,1.7341,0,2024-04-29 00:05:55.386000
4735000,0.0046,0,2024-04-29 00:05:55.386000
4734000,0.0252,0,2024-04-29 00:05:55.386000
4733000,15.03,0,2024-04-29 00:05:55.386000
4732000,0.9062,0,2024-04-29 00:05:55.386000
4737000,1.5217,1,2024-04-29 00:05:55.386000
4738000,2.56,1,2024-04-29 00:05:55.386000
4739000,1.442,1,2024-04-29 00:05:55.386000
4740000,5.8476,1,2024-04-29 00:05:55.386000
4741000,3.1022,1,2024-04-29 00:05:55.386000
4736000,1.7255,0,2024-04-29 00:06:00.691000
4735000,0.0046,0,2024-04-29 00:06:00.691000
4734000,0.0252,0,2024-04-29 00:06:00.691000
4733000,15.03,0,2024-04-29 00:06:00.691000
4732000,0.5701,0,2024-04-29 00:06:00.691000
4738000,0.4568,1,2024-04-29 00:06:00.691000
4739000,5.002,1,2024-04-29 00:06:00.691000
4740000,5.83,1,2024-04-29 00:06:00.691000
4741000,3.1022,1,2024-04-29 00:06:00.691000
4742000,10.5374,1,2024-04-29 00:06:00.691000
4736000,1.7255,0,2024-04-29 00:06:05.957000
4735000,0.0046,0,2024-04-29 00:06:05.957000
4734000,0.0252,0,2024-04-29 00:06:05.957000
4733000,15.03,0,2024-04-29 00:06:05.957000
4732000,0.5701,0,2024-04-29 00:06:05.957000
4738000,3.61,1,2024-04-29 00:06:05.957000
4739000,1.442,1,2024-04-29 00:06:05.957000
4740000,0.5,1,2024-04-29 00:06:05.957000
4741000,4.3098,1,2024-04-29 00:06:05.957000
4742000,9.33,1,2024-04-29 00:06:05.957000
4735000,0.0046,0,2024-04-29 00:06:11.203000
4734000,0.0252,0,2024-04-29 00:06:11.203000
4733000,0.03,0,2024-04-29 00:06:11.203000
4732000,0.0034,0,2024-04-29 00:06:11.203000
4731000,0.3393,0,2024-04-29 00:06:11.203000
4738000,1.4808,1,2024-04-29 00:06:11.203000
4739000,26.2222,1,2024-04-29 00:06:11.203000
4740000,3.5,1,2024-04-29 00:06:11.203000
4741000,4.4294,1,2024-04-29 00:06:11.203000
4742000,4.0,1,2024-04-29 00:06:11.203000
4735000,0.0046,0,2024-04-29 00:06:16.451000
4734000,0.0252,0,2024-04-29 00:06:16.451000
4733000,0.03,0,2024-04-29 00:06:16.451000
4732000,0.0034,0,2024-04-29 00:06:16.451000
4731000,1.5963,0,2024-04-29 00:06:16.451000
4736000,7.12,1,2024-04-29 00:06:16.451000
4737000,1.4787,1,2024-04-29 00:06:16.451000
4738000,3.1708,1,2024-04-29 00:06:16.451000
4739000,9.4322,1,2024-04-29 00:06:16.451000
4740000,8.83,1,2024-04-29 00:06:16.451000
4736000,0.0021,0,2024-04-29 00:06:21.768000
4735000,0.0046,0,2024-04-29 00:06:21.768000
4734000,0.0252,0,2024-04-29 00:06:21.768000
4733000,0.03,0,2024-04-29 00:06:21.768000
4732000,15.3696,0,2024-04-29 00:06:21.768000
4737000,0.0479,1,2024-04-29 00:06:21.768000
4738000,5.0408,1,2024-04-29 00:06:21.768000
4739000,3.56,1,2024-04-29 00:06:21.768000
4740000,3.7229,1,2024-04-29 00:06:21.768000
4741000,4.0,1,2024-04-29 00:06:21.768000
4736000,0.0021,0,2024-04-29 00:06:26.992000
4735000,0.0046,0,2024-04-29 00:06:26.992000
4734000,0.0252,0,2024-04-29 00:06:26.992000
4733000,0.3661,0,2024-04-29 00:06:26.992000
4732000,15.3696,0,2024-04-29 00:06:26.992000
4737000,0.0656,1,2024-04-29 00:06:26.992000
4738000,5.0408,1,2024-04-29 00:06:26.992000
4739000,3.56,1,2024-04-29 00:06:26.992000
4740000,3.6022,1,2024-04-29 00:06:26.992000
4741000,4.0,1,2024-04-29 00:06:26.992000
4736000,0.0021,0,2024-04-29 00:06:32.252000
4735000,1.2923,0,2024-04-29 00:06:32.252000
4734000,17.134,0,2024-04-29 00:06:32.252000
4733000,0.03,0,2024-04-29 00:06:32.252000
4732000,0.3391,0,2024-04-29 00:06:32.252000
4737000,0.0656,1,2024-04-29 00:06:32.252000
4738000,0.05,1,2024-04-29 00:06:32.252000
4740000,0.5,1,2024-04-29 00:06:32.252000
4742000,4.4308,1,2024-04-29 00:06:32.252000
4743000,15.3818,1,2024-04-29 00:06:32.252000
4736000,15.0021,0,2024-04-29 00:06:37.474000
4735000,6.1734,0,2024-04-29 00:06:37.474000
4734000,0.3611,0,2024-04-29 00:06:37.474000
4733000,3.59,0,2024-04-29 00:06:37.474000
4732000,1.0034,0,2024-04-29 00:06:37.474000
4737000,0.0656,1,2024-04-29 00:06:37.474000
4738000,0.05,1,2024-04-29 00:06:37.474000
4739000,3.56,1,2024-04-29 00:06:37.474000
4740000,0.5,1,2024-04-29 00:06:37.474000
4741000,1.4308,1,2024-04-29 00:06:37.474000
4736000,15.0021,0,2024-04-29 00:06:42.700000
4735000,3.5646,0,2024-04-29 00:06:42.700000
4734000,1.5682,0,2024-04-29 00:06:42.700000
4733000,3.59,0,2024-04-29 00:06:42.700000
4732000,1.0034,0,2024-04-29 00:06:42.700000
4737000,0.0954,1,2024-04-29 00:06:42.700000
4738000,0.05,1,2024-04-29 00:06:42.700000
4739000,3.56,1,2024-04-29 00:06:42.700000
4740000,0.5,1,2024-04-29 00:06:42.700000
4741000,1.4308,1,2024-04-29 00:06:42.700000
4736000,17.1109,0,2024-04-29 00:06:47.923000
4735000,4.7711,0,2024-04-29 00:06:47.923000
4734000,0.3611,0,2024-04-29 00:06:47.923000
4733000,4.59,0,2024-04-29 00:06:47.923000
4732000,1.0034,0,2024-04-29 00:06:47.923000
4737000,0.0787,1,2024-04-29 00:06:47.923000
4738000,0.05,1,2024-04-29 00:06:47.923000
4740000,4.06,1,2024-04-29 00:06:47.923000
4742000,4.9908,1,2024-04-29 00:06:47.923000
4743000,3.0021,1,2024-04-29 00:06:47.923000
4737000,8.1635,0,2024-04-29 00:06:53.145000
4736000,15.3378,0,2024-04-29 00:06:53.145000
4735000,4.5646,0,2024-04-29 00:06:53.145000
4734000,1.4685,0,2024-04-29 00:06:53.145000
4733000,6.36,0,2024-04-29 00:06:53.145000
4740000,0.4769,1,2024-04-29 00:06:53.145000
4742000,3.56,1,2024-04-29 00:06:53.145000
4743000,0.0021,1,2024-04-29 00:06:53.145000
4744000,5.8465,1,2024-04-29 00:06:53.145000
4745000,3.4798,1,2024-04-29 00:06:53.145000
4737000,6.9574,0,2024-04-29 00:06:58.392000
4736000,16.5439,0,2024-04-29 00:06:58.392000
4735000,4.5646,0,2024-04-29 00:06:58.392000
4734000,1.4685,0,2024-04-29 00:06:58.392000
4733000,6.36,0,2024-04-29 00:06:58.392000
4740000,0.3836,1,2024-04-29 00:06:58.392000
4742000,3.56,1,2024-04-29 00:06:58.392000
4743000,1.4329,1,2024-04-29 00:06:58.392000
4744000,4.4157,1,2024-04-29 00:06:58.392000
4745000,3.4798,1,2024-04-29 00:06:58.392000
4737000,6.9574,0,2024-04-29 00:07:03.683000
4736000,16.5439,0,2024-04-29 00:07:03.683000
4735000,4.5646,0,2024-04-29 00:07:03.683000
4734000,1.4685,0,2024-04-29 00:07:03.683000
4733000,6.36,0,2024-04-29 00:07:03.683000
4740000,0.3295,1,2024-04-29 00:07:03.683000
4742000,3.56,1,2024-04-29 00:07:03.683000
4743000,1.4329,1,2024-04-29 00:07:03.683000
4744000,4.4157,1,2024-04-29 00:07:03.683000
4745000,3.4798,1,2024-04-29 00:07:03.683000
4738000,6.8859,0,2024-04-29 00:07:08.937000
4737000,1.5415,0,2024-04-29 00:07:08.937000
4736000,15.0021,0,2024-04-29 00:07:08.937000
4735000,4.5646,0,2024-04-29 00:07:08.937000
4734000,1.4685,0,2024-04-29 00:07:08.937000
4740000,0.0759,1,2024-04-29 00:07:08.937000
4742000,3.56,1,2024-04-29 00:07:08.937000
4743000,0.0021,1,2024-04-29 00:07:08.937000
4744000,4.4168,1,2024-04-29 00:07:08.937000
4745000,3.4798,1,2024-04-29 00:07:08.937000
4738000,5.6679,0,2024-04-29 00:07:14.174000
4737000,2.7594,0,2024-04-29 00:07:14.174000
4736000,18.5621,0,2024-04-29 00:07:14.174000
4735000,1.0046,0,2024-04-29 00:07:14.174000
4734000,1.4685,0,2024-04-29 00:07:14.174000
4740000,0.0759,1,2024-04-29 00:07:14.174000
4742000,3.56,1,2024-04-29 00:07:14.174000
4743000,0.0021,1,2024-04-29 00:07:14.174000
4744000,4.4168,1,2024-04-29 00:07:14.174000
4745000,3.4798,1,2024-04-29 00:07:14.174000
4738000,6.8857,0,2024-04-29 00:07:19.461000
4737000,0.336,0,2024-04-29 00:07:19.461000
4736000,18.5621,0,2024-04-29 00:07:19.461000
4735000,1.0046,0,2024-04-29 00:07:19.461000
4734000,1.4685,0,2024-04-29 00:07:19.461000
4740000,0.0759,1,2024-04-29 00:07:19.461000
4743000,0.0021,1,2024-04-29 00:07:19.461000
4744000,5.8426,1,2024-04-29 00:07:19.461000
4745000,3.4798,1,2024-04-29 00:07:19.461000
4746000,24.768,1,2024-04-29 00:07:19.461000
4738000,8.0786,0,2024-04-29 00:07:24.729000
4737000,0.336,0,2024-04-29 00:07:24.729000
4736000,18.5621,0,2024-04-29 00:07:24.729000
4735000,1.0046,0,2024-04-29 00:07:24.729000
4734000,1.4685,0,2024-04-29 00:07:24.729000
4740000,0.0192,1,2024-04-29 00:07:24.729000
4743000,3.5621,1,2024-04-29 00:07:24.729000
4744000,5.8426,1,2024-04-29 00:07:24.729000
4745000,3.4798,1,2024-04-29 00:07:24.729000
4746000,24.768,1,2024-04-29 00:07:24.729000
4738000,6.8727,0,2024-04-29 00:07:29.969000
4737000,1.5419,0,2024-04-29 00:07:29.969000
4736000,18.5621,0,2024-04-29 00:07:29.969000
4735000,1.0046,0,2024-04-29 00:07:29.969000
4734000,1.4685,0,2024-04-29 00:07:29.969000
4740000,0.0129,1,2024-04-29 00:07:29.969000
4743000,3.5621,1,2024-04-29 00:07:29.969000
4744000,5.8426,1,2024-04-29 00:07:29.969000
4745000,3.4798,1,2024-04-29 00:07:29.969000
4746000,24.768,1,2024-04-29 00:07:29.969000
4740000,5.7997,0,2024-04-29 00:07:35.207000
4739000,2.4236,0,2024-04-29 00:07:35.207000
4738000,3.8954,0,2024-04-29 00:07:35.207000
4737000,0.4432,0,2024-04-29 00:07:35.207000
4736000,21.3321,0,2024-04-29 00:07:35.207000
4744000,0.8227,1,2024-04-29 00:07:35.207000
4745000,1.9056,1,2024-04-29 00:07:35.207000
4746000,21.6642,1,2024-04-29 00:07:35.207000
4747000,4.0074,1,2024-04-29 00:07:35.207000
4748000,5.4034,1,2024-04-29 00:07:35.207000
4739000,5.6665,0,2024-04-29 00:07:40.461000
4738000,3.56,0,2024-04-29 00:07:40.461000
4737000,15.7791,0,2024-04-29 00:07:40.461000
4736000,6.3321,0,2024-04-29 00:07:40.461000
4735000,6.7633,0,2024-04-29 00:07:40.461000
4743000,3.56,1,2024-04-29 00:07:40.461000
4744000,0.7614,1,2024-04-29 00:07:40.461000
4745000,1.9056,1,2024-04-29 00:07:40.461000
4746000,21.6622,1,2024-04-29 00:07:40.461000
4747000,9.3374,1,2024-04-29 00:07:40.461000
4739000,6.8721,0,2024-04-29 00:07:45.725000
4738000,3.56,0,2024-04-29 00:07:45.725000
4737000,15.4432,0,2024-04-29 00:07:45.725000
4736000,6.668,0,2024-04-29 00:07:45.725000
4735000,6.7633,0,2024-04-29 00:07:45.725000
4743000,3.56,1,2024-04-29 00:07:45.725000
4744000,0.7614,1,2024-04-29 00:07:45.725000
4745000,1.9056,1,2024-04-29 00:07:45.725000
4746000,21.6622,1,2024-04-29 00:07:45.725000
4747000,9.3354,1,2024-04-29 00:07:45.725000
4739000,6.8722,0,2024-04-29 00:07:50.973000
4738000,3.56,0,2024-04-29 00:07:50.973000
4737000,15.4432,0,2024-04-29 00:07:50.973000
4736000,6.668,0,2024-04-29 00:07:50.973000
4735000,6.7633,0,2024-04-29 00:07:50.973000
4744000,4.3214,1,2024-04-29 00:07:50.973000
4745000,1.9056,1,2024-04-29 00:07:50.973000
4746000,21.6622,1,2024-04-29 00:07:50.973000
4747000,9.3374,1,2024-04-29 00:07:50.973000
4748000,5.4034,1,2024-04-29 00:07:50.973000
4740000,6.8718,0,2024-04-29 00:07:56.209000
4739000,1.3332,0,2024-04-29 00:07:56.209000
4738000,3.8953,0,2024-04-29 00:07:56.209000
4737000,15.4432,0,2024-04-29 00:07:56.209000
4736000,6.3321,0,2024-04-29 00:07:56.209000
4743000,0.0211,1,2024-04-29 00:07:56.209000
4744000,0.7092,1,2024-04-29 00:07:56.209000
4745000,4.0398,1,2024-04-29 00:07:56.209000
4746000,4.5441,1,2024-04-29 00:07:56.209000
4747000,22.5674,1,2024-04-29 00:07:56.209000
4742000,2.8157,0,2024-04-29 00:08:01.456000
4741000,4.7924,0,2024-04-29 00:08:01.456000
4740000,19.6521,0,2024-04-29 00:08:01.456000
4739000,0.4365,0,2024-04-29 00:08:01.456000
4738000,1.0,0,2024-04-29 00:08:01.456000
4743000,0.0211,1,2024-04-29 00:08:01.456000
4744000,0.7092,1,2024-04-29 00:08:01.456000
4745000,0.4798,1,2024-04-29 00:08:01.456000
4747000,0.0074,1,2024-04-29 00:08:01.456000
4748000,7.9634,1,2024-04-29 00:08:01.456000
4742000,4.2692,0,2024-04-29 00:08:06.745000
4740000,19.6521,0,2024-04-29 00:08:06.745000
4739000,0.4365,0,2024-04-29 00:08:06.745000
4738000,1.0,0,2024-04-29 00:08:06.745000
4737000,1.4322,0,2024-04-29 00:08:06.745000
4743000,0.0,1,2024-04-29 00:08:06.745000
4744000,0.7092,1,2024-04-29 00:08:06.745000
4745000,0.4798,1,2024-04-29 00:08:06.745000
4746000,3.56,1,2024-04-29 00:08:06.745000
4747000,1.4493,1,2024-04-29 00:08:06.745000
4742000,4.1692,0,2024-04-29 00:08:12.026000
4741000,2.1065,0,2024-04-29 00:08:12.026000
4740000,19.6521,0,2024-04-29 00:08:12.026000
4739000,0.4365,0,2024-04-29 00:08:12.026000
4738000,1.0,0,2024-04-29 00:08:12.026000
4743000,0.0,1,2024-04-29 00:08:12.026000
4744000,0.6092,1,2024-04-29 00:08:12.026000
4745000,0.4798,1,2024-04-29 00:08:12.026000
4746000,3.56,1,2024-04-29 00:08:12.026000
4747000,1.4473,1,2024-04-29 00:08:12.026000
4742000,4.1692,0,2024-04-29 00:08:17.291000
4741000,1.2276,0,2024-04-29 00:08:17.291000
4740000,19.6521,0,2024-04-29 00:08:17.291000
4739000,0.4365,0,2024-04-29 00:08:17.291000
4738000,1.0,0,2024-04-29 00:08:17.291000
4744000,0.3417,1,2024-04-29 00:08:17.291000
4745000,0.4798,1,2024-04-29 00:08:17.291000
4747000,5.0093,1,2024-04-29 00:08:17.291000
4748000,7.9634,1,2024-04-29 00:08:17.291000
4749000,19.0221,1,2024-04-29 00:08:17.291000
4741000,5.6661,0,2024-04-29 00:08:22.549000
4740000,0.4471,0,2024-04-29 00:08:22.549000
4739000,15.1008,0,2024-04-29 00:08:22.549000
4738000,4.8957,0,2024-04-29 00:08:22.549000
4737000,1.0,0,2024-04-29 00:08:22.549000
4744000,0.0509,1,2024-04-29 00:08:22.549000
4745000,0.4798,1,2024-04-29 00:08:22.549000
4746000,3.56,1,2024-04-29 00:08:22.549000
4747000,1.4418,1,2024-04-29 00:08:22.549000
4748000,7.9614,1,2024-04-29 00:08:22.549000
4741000,6.8712,0,2024-04-29 00:08:27.793000
4740000,0.4471,0,2024-04-29 00:08:27.793000
4739000,18.6608,0,2024-04-29 00:08:27.793000
4738000,1.3357,0,2024-04-29 00:08:27.793000
4737000,1.0,0,2024-04-29 00:08:27.793000
4744000,0.002,1,2024-04-29 00:08:27.793000
4745000,0.4798,1,2024-04-29 00:08:27.793000
4746000,3.56,1,2024-04-29 00:08:27.793000
4747000,1.4418,1,2024-04-29 00:08:27.793000
4748000,7.9634,1,2024-04-29 00:08:27.793000
4741000,6.8712,0,2024-04-29 00:08:33.015000
4740000,0.4471,0,2024-04-29 00:08:33.015000
4739000,18.6608,0,2024-04-29 00:08:33.015000
4738000,0.3357,0,2024-04-29 00:08:33.015000
4737000,1.0,0,2024-04-29 00:08:33.015000
4744000,0.002,1,2024-04-29 00:08:33.015000
4745000,0.4798,1,2024-04-29 00:08:33.015000
4746000,3.56,1,2024-04-29 00:08:33.015000
4747000,1.4418,1,2024-04-29 00:08:33.015000
4748000,7.9634,1,2024-04-29 00:08:33.015000
4741000,6.8712,0,2024-04-29 00:08:38.247000
4740000,0.4471,0,2024-04-29 00:08:38.247000
4739000,18.6608,0,2024-04-29 00:08:38.247000
4738000,0.3357,0,2024-04-29 00:08:38.247000
4737000,1.0,0,2024-04-29 00:08:38.247000
4744000,0.002,1,2024-04-29 00:08:38.247000
4745000,0.4798,1,2024-04-29 00:08:38.247000
4746000,3.56,1,2024-04-29 00:08:38.247000
4747000,4.4418,1,2024-04-29 00:08:38.247000
4748000,7.9634,1,2024-04-29 00:08:38.247000
4741000,2.7511,0,2024-04-29 00:08:43.482000
4740000,5.2337,0,2024-04-29 00:08:43.482000
4739000,18.6608,0,2024-04-29 00:08:43.482000
4738000,0.3353,0,2024-04-29 00:08:43.482000
4737000,1.0,0,2024-04-29 00:08:43.482000
4744000,1.3097,1,2024-04-29 00:08:43.482000
4745000,0.4798,1,2024-04-29 00:08:43.482000
4747000,4.4418,1,2024-04-29 00:08:43.482000
4748000,8.9634,1,2024-04-29 00:08:43.482000
4749000,19.4735,1,2024-04-29 00:08:43.482000
4742000,3.56,0,2024-04-29 00:08:48.720000
4741000,2.8143,0,2024-04-29 00:08:48.720000
4740000,0.4471,0,2024-04-29 00:08:48.720000
4739000,18.6608,0,2024-04-29 00:08:48.720000
4738000,0.3353,0,2024-04-29 00:08:48.720000
4744000,1.3097,1,2024-04-29 00:08:48.720000
4745000,0.4798,1,2024-04-29 00:08:48.720000
4746000,3.56,1,2024-04-29 00:08:48.720000
4747000,4.4418,1,2024-04-29 00:08:48.720000
4748000,8.9614,1,2024-04-29 00:08:48.720000
4742000,5.6657,0,2024-04-29 00:08:53.992000
4741000,0.7082,0,2024-04-29 00:08:53.992000
4740000,0.4471,0,2024-04-29 00:08:53.992000
4739000,18.6608,0,2024-04-29 00:08:53.992000
4738000,0.3353,0,2024-04-29 00:08:53.992000
4744000,1.0267,1,2024-04-29 00:08:53.992000
4745000,0.4798,1,2024-04-29 00:08:53.992000
4747000,8.0018,1,2024-04-29 00:08:53.992000
4748000,8.9634,1,2024-04-29 00:08:53.992000
4749000,19.4735,1,2024-04-29 00:08:53.992000
4744000,1.9732,0,2024-04-29 00:08:59.217000
4742000,3.56,0,2024-04-29 00:08:59.217000
4741000,3.3739,0,2024-04-29 00:08:59.217000
4740000,0.4471,0,2024-04-29 00:08:59.217000
4739000,18.6608,0,2024-04-29 00:08:59.217000
4745000,0.4446,1,2024-04-29 00:08:59.217000
4746000,3.56,1,2024-04-29 00:08:59.217000
4747000,4.4418,1,2024-04-29 00:08:59.217000
4748000,9.0656,1,2024-04-29 00:08:59.217000
4749000,19.0221,1,2024-04-29 00:08:59.217000
4744000,1.9418,0,2024-04-29 00:09:04.465000
4742000,3.56,0,2024-04-29 00:09:04.465000
4741000,1.2682,0,2024-04-29 00:09:04.465000
4740000,0.4471,0,2024-04-29 00:09:04.465000
4739000,18.6608,0,2024-04-29 00:09:04.465000
4745000,0.3455,1,2024-04-29 00:09:04.465000
4746000,3.56,1,2024-04-29 00:09:04.465000
4747000,4.4418,1,2024-04-29 00:09:04.465000
4748000,9.0656,1,2024-04-29 00:09:04.465000
4749000,19.3567,1,2024-04-29 00:09:04.465000
4744000,0.7813,0,2024-04-29 00:09:09.763000
4741000,1.2682,0,2024-04-29 00:09:09.763000
4740000,1.6705,0,2024-04-29 00:09:09.763000
4739000,18.6608,0,2024-04-29 00:09:09.763000
4738000,0.3358,0,2024-04-29 00:09:09.763000
4745000,0.3455,1,2024-04-29 00:09:09.763000
4747000,4.4438,1,2024-04-29 00:09:09.763000
4748000,9.0656,1,2024-04-29 00:09:09.763000
4749000,19.0221,1,2024-04-29 00:09:09.763000
4750000,11.6369,1,2024-04-29 00:09:09.763000
4744000,1.8357,0,2024-04-29 00:09:14.977000
4743000,1.2047,0,2024-04-29 00:09:14.977000
4742000,15.0,0,2024-04-29 00:09:14.977000
4741000,3.6232,0,2024-04-29 00:09:14.977000
4740000,4.0071,0,2024-04-29 00:09:14.977000
4745000,0.3455,1,2024-04-29 00:09:14.977000
4747000,0.0054,1,2024-04-29 00:09:14.977000
4748000,5.8397,1,2024-04-29 00:09:14.977000
4749000,4.0201,1,2024-04-29 00:09:14.977000
4750000,24.8639,1,2024-04-29 00:09:14.977000
4744000,1.8357,0,2024-04-29 00:09:20.197000
4743000,3.56,0,2024-04-29 00:09:20.197000
4742000,3.3105,0,2024-04-29 00:09:20.197000
4741000,18.6232,0,2024-04-29 00:09:20.197000
4740000,0.4471,0,2024-04-29 00:09:20.197000
4745000,0.3455,1,2024-04-29 00:09:20.197000
4747000,0.0074,1,2024-04-29 00:09:20.197000
4748000,5.8417,1,2024-04-29 00:09:20.197000
4749000,7.5821,1,2024-04-29 00:09:20.197000
4750000,24.8669,1,2024-04-29 00:09:20.197000
4744000,1.7808,0,2024-04-29 00:09:25.434000
4743000,3.3103,0,2024-04-29 00:09:25.434000
4741000,18.6232,0,2024-04-29 00:09:25.434000
4740000,0.4471,0,2024-04-29 00:09:25.434000
4739000,8.9908,0,2024-04-29 00:09:25.434000
4745000,0.3455,1,2024-04-29 00:09:25.434000
4747000,0.0054,1,2024-04-29 00:09:25.434000
4748000,5.8397,1,2024-04-29 00:09:25.434000
4749000,4.0201,1,2024-04-29 00:09:25.434000
4750000,24.8639,1,2024-04-29 00:09:25.434000
4744000,1.7797,0,2024-04-29 00:09:30.693000
4742000,3.3105,0,2024-04-29 00:09:30.693000
4741000,18.6232,0,2024-04-29 00:09:30.693000
4740000,0.4471,0,2024-04-29 00:09:30.693000
4739000,3.6608,0,2024-04-29 00:09:30.693000
4745000,0.3455,1,2024-04-29 00:09:30.693000
4747000,0.0074,1,2024-04-29 00:09:30.693000
4748000,5.8417,1,2024-04-29 00:09:30.693000
4749000,4.3571,1,2024-04-29 00:09:30.693000
4750000,24.532,1,2024-04-29 00:09:30.693000
4744000,1.7376,0,2024-04-29 00:09:35.927000
4743000,7.319,0,2024-04-29 00:09:35.927000
4741000,18.6232,0,2024-04-29 00:09:35.927000
4739000,5.4308,0,2024-04-29 00:09:35.927000
4738000,6.33,0,2024-04-29 00:09:35.927000
4745000,0.3455,1,2024-04-29 00:09:35.927000
4747000,0.0074,1,2024-04-29 00:09:35.927000
4748000,9.4017,1,2024-04-29 00:09:35.927000
4749000,4.3571,1,2024-04-29 00:09:35.927000
4750000,24.532,1,2024-04-29 00:09:35.927000
4744000,1.7251,0,2024-04-29 00:09:41.153000
4743000,5.2131,0,2024-04-29 00:09:41.153000
4742000,5.6657,0,2024-04-29 00:09:41.153000
4741000,15.0632,0,2024-04-29 00:09:41.153000
4739000,5.4308,0,2024-04-29 00:09:41.153000
4745000,0.3455,1,2024-04-29 00:09:41.153000
4747000,0.0074,1,2024-04-29 00:09:41.153000
4748000,5.8417,1,2024-04-29 00:09:41.153000
4749000,4.3569,1,2024-04-29 00:09:41.153000
4750000,9.532,1,2024-04-29 00:09:41.153000
4744000,1.6905,0,2024-04-29 00:09:46.382000
4743000,5.2131,0,2024-04-29 00:09:46.382000
4742000,3.56,0,2024-04-29 00:09:46.382000
4741000,15.0632,0,2024-04-29 00:09:46.382000
4739000,5.4308,0,2024-04-29 00:09:46.382000
4745000,0.2905,1,2024-04-29 00:09:46.382000
4747000,0.0074,1,2024-04-29 00:09:46.382000
4748000,5.8417,1,2024-04-29 00:09:46.382000
4749000,4.3569,1,2024-04-29 00:09:46.382000
4750000,9.532,1,2024-04-29 00:09:46.382000
4744000,1.7422,0,2024-04-29 00:09:51.609000
4743000,4.0087,0,2024-04-29 00:09:51.609000
4742000,2.1057,0,2024-04-29 00:09:51.609000
4741000,15.0632,0,2024-04-29 00:09:51.609000
4740000,3.56,0,2024-04-29 00:09:51.609000
4745000,0.2905,1,2024-04-29 00:09:51.609000
4747000,0.0074,1,2024-04-29 00:09:51.609000
4748000,2.8417,1,2024-04-29 00:09:51.609000
4749000,3.3569,1,2024-04-29 00:09:51.609000
4750000,5.972,1,2024-04-29 00:09:51.609000
4744000,23.6122,0,2024-04-29 00:09:56.832000
4743000,0.4487,0,2024-04-29 00:09:56.832000
4741000,0.0632,0,2024-04-29 00:09:56.832000
4739000,6.8679,0,2024-04-29 00:09:56.832000
4738000,17.1056,0,2024-04-29 00:09:56.832000
4745000,0.0,1,2024-04-29 00:09:56.832000
4747000,0.0054,1,2024-04-29 00:09:56.832000
4748000,1.4034,1,2024-04-29 00:09:56.832000
4749000,3.0221,1,2024-04-29 00:09:56.832000
4750000,6.306,1,2024-04-29 00:09:56.832000
4745000,4.5376,0,2024-04-29 00:10:02.081000
4744000,17.3872,0,2024-04-29 00:10:02.081000
4743000,0.4487,0,2024-04-29 00:10:02.081000
4741000,0.0632,0,2024-04-29 00:10:02.081000
4739000,6.8679,0,2024-04-29 00:10:02.081000
4747000,0.0054,1,2024-04-29 00:10:02.081000
4748000,1.4014,1,2024-04-29 00:10:02.081000
4749000,0.0201,1,2024-04-29 00:10:02.081000
4750000,8.529,1,2024-04-29 00:10:02.081000
4751000,4.3367,1,2024-04-29 00:10:02.081000
4745000,2.6421,0,2024-04-29 00:10:07.313000
4744000,3.5526,0,2024-04-29 00:10:07.313000
4743000,3.7584,0,2024-04-29 00:10:07.313000
4742000,18.56,0,2024-04-29 00:10:07.313000
4741000,0.0632,0,2024-04-29 00:10:07.313000
4747000,0.0054,1,2024-04-29 00:10:07.313000
4748000,1.4034,1,2024-04-29 00:10:07.313000
4749000,3.0221,1,2024-04-29 00:10:07.313000
4750000,6.408,1,2024-04-29 00:10:07.313000
4751000,7.5651,1,2024-04-29 00:10:07.313000
4745000,2.6421,0,2024-04-29 00:10:12.550000
4744000,7.1126,0,2024-04-29 00:10:12.550000
4743000,3.7584,0,2024-04-29 00:10:12.550000
4742000,15.0,0,2024-04-29 00:10:12.550000
4741000,0.0632,0,2024-04-29 00:10:12.550000
4747000,0.0054,1,2024-04-29 00:10:12.550000
4748000,1.4034,1,2024-04-29 00:10:12.550000
4749000,3.0221,1,2024-04-29 00:10:12.550000
4750000,24.968,1,2024-04-29 00:10:12.550000
4751000,4.0051,1,2024-04-29 00:10:12.550000
4745000,2.6335,0,2024-04-29 00:10:17.797000
4744000,2.3872,0,2024-04-29 00:10:17.797000
4743000,2.5539,0,2024-04-29 00:10:17.797000
4742000,4.7648,0,2024-04-29 00:10:17.797000
4741000,18.6232,0,2024-04-29 00:10:17.797000
4747000,3.5654,1,2024-04-29 00:10:17.797000
4748000,4.4034,1,2024-04-29 00:10:17.797000
4749000,7.9172,1,2024-04-29 00:10:17.797000
4750000,21.0732,1,2024-04-29 00:10:17.797000
4751000,4.0051,1,2024-04-29 00:10:17.797000
4745000,2.6335,0,2024-04-29 00:10:23.037000
4744000,2.3872,0,2024-04-29 00:10:23.037000
4743000,2.5549,0,2024-04-29 00:10:23.037000
4742000,1.2048,0,2024-04-29 00:10:23.037000
4741000,18.6232,0,2024-04-29 00:10:23.037000
4747000,6.5654,1,2024-04-29 00:10:23.037000
4748000,4.4034,1,2024-04-29 00:10:23.037000
4749000,7.9169,1,2024-04-29 00:10:23.037000
4750000,21.0732,1,2024-04-29 00:10:23.037000
4751000,4.0051,1,2024-04-29 00:10:23.037000
4745000,1.8835,0,2024-04-29 00:10:28.284000
4744000,2.3872,0,2024-04-29 00:10:28.284000
4743000,0.4497,0,2024-04-29 00:10:28.284000
4741000,18.6232,0,2024-04-29 00:10:28.284000
4740000,10.0,0,2024-04-29 00:10:28.284000
4747000,6.5654,1,2024-04-29 00:10:28.284000
4748000,4.7384,1,2024-04-29 00:10:28.284000
4749000,7.5821,1,2024-04-29 00:10:28.284000
4750000,21.0732,1,2024-04-29 00:10:28.284000
4751000,9.3351,1,2024-04-29 00:10:28.284000
4745000,1.8808,0,2024-04-29 00:10:33.518000
4744000,2.3872,0,2024-04-29 00:10:33.518000
4743000,2.5549,0,2024-04-29 00:10:33.518000
4741000,18.6232,0,2024-04-29 00:10:33.518000
4740000,10.0,0,2024-04-29 00:10:33.518000
4747000,6.5654,1,2024-04-29 00:10:33.518000
4748000,4.4034,1,2024-04-29 00:10:33.518000
4749000,7.917,1,2024-04-29 00:10:33.518000
4750000,21.0732,1,2024-04-29 00:10:33.518000
4751000,9.3351,1,2024-04-29 00:10:33.518000
4745000,1.8626,0,2024-04-29 00:10:38.768000
4744000,4.4924,0,2024-04-29 00:10:38.768000
4743000,0.4497,0,2024-04-29 00:10:38.768000
4742000,1.2049,0,2024-04-29 00:10:38.768000
4741000,18.6232,0,2024-04-29 00:10:38.768000
4747000,6.5665,1,2024-04-29 00:10:38.768000
4748000,4.4014,1,2024-04-29 00:10:38.768000
4749000,7.5801,1,2024-04-29 00:10:38.768000
4750000,21.4059,1,2024-04-29 00:10:38.768000
4751000,9.3321,1,2024-04-29 00:10:38.768000
4745000,1.8626,0,2024-04-29 00:10:44.006000
4744000,1.7422,0,2024-04-29 00:10:44.006000
4743000,0.4497,0,2024-04-29 00:10:44.006000
4742000,2.3585,0,2024-04-29 00:10:44.006000
4741000,18.6232,0,2024-04-29 00:10:44.006000
4747000,6.5246,1,2024-04-29 00:10:44.006000
4748000,4.4034,1,2024-04-29 00:10:44.006000
4749000,7.5821,1,2024-04-29 00:10:44.006000
4750000,21.4081,1,2024-04-29 00:10:44.006000
4751000,9.3351,1,2024-04-29 00:10:44.006000
4745000,1.8478,0,2024-04-29 00:10:49.230000
4744000,1.7422,0,2024-04-29 00:10:49.230000
4743000,0.4497,0,2024-04-29 00:10:49.230000
4742000,2.3585,0,2024-04-29 00:10:49.230000
4741000,18.6232,0,2024-04-29 00:10:49.230000
4747000,6.5235,1,2024-04-29 00:10:49.230000
4748000,4.4034,1,2024-04-29 00:10:49.230000
4749000,7.9172,1,2024-04-29 00:10:49.230000
4750000,21.0732,1,2024-04-29 00:10:49.230000
4751000,9.3321,1,2024-04-29 00:10:49.230000
4745000,1.7918,0,2024-04-29 00:10:54.441000
4744000,1.7422,0,2024-04-29 00:10:54.441000
4743000,5.2144,0,2024-04-29 00:10:54.441000
4741000,18.6232,0,2024-04-29 00:10:54.441000
4740000,10.0,0,2024-04-29 00:10:54.441000
4747000,6.5235,1,2024-04-29 00:10:54.441000
4748000,4.4034,1,2024-04-29 00:10:54.441000
4749000,7.5821,1,2024-04-29 00:10:54.441000
4750000,6.4082,1,2024-04-29 00:10:54.441000
4751000,24.3351,1,2024-04-29 00:10:54.441000
4745000,1.779,0,2024-04-29 00:10:59.680000
4744000,1.7422,0,2024-04-29 00:10:59.680000
4743000,18.7596,0,2024-04-29 00:10:59.680000
4741000,7.1832,0,2024-04-29 00:10:59.680000
4740000,10.0,0,2024-04-29 00:10:59.680000
4747000,0.001,1,2024-04-29 00:10:59.680000
4748000,4.4034,1,2024-04-29 00:10:59.680000
4749000,4.0221,1,2024-04-29 00:10:59.680000
4750000,6.4082,1,2024-04-29 00:10:59.680000
4751000,19.0051,1,2024-04-29 00:10:59.680000
4745000,1.779,0,2024-04-29 00:11:04.902000
4744000,1.7422,0,2024-04-29 00:11:04.902000
4743000,22.3196,0,2024-04-29 00:11:04.902000
4741000,3.6232,0,2024-04-29 00:11:04.902000
4740000,10.0,0,2024-04-29 00:11:04.902000
4747000,0.001,1,2024-04-29 00:11:04.902000
4748000,9.4,1,2024-04-29 00:11:04.902000
4749000,4.0201,1,2024-04-29 00:11:04.902000
4750000,9.6332,1,2024-04-29 00:11:04.902000
4751000,19.3395,1,2024-04-29 00:11:04.902000
4745000,1.779,0,2024-04-29 00:11:10.128000
4744000,3.8474,0,2024-04-29 00:11:10.128000
4743000,19.0097,0,2024-04-29 00:11:10.128000
4742000,1.2048,0,2024-04-29 00:11:10.128000
4741000,3.6232,0,2024-04-29 00:11:10.128000
4747000,3.561,1,2024-04-29 00:11:10.128000
4748000,5.842,1,2024-04-29 00:11:10.128000
4749000,4.0221,1,2024-04-29 00:11:10.128000
4750000,9.968,1,2024-04-29 00:11:10.128000
4751000,19.0051,1,2024-04-29 00:11:10.128000
4745000,1.7747,0,2024-04-29 00:11:15.355000
4744000,1.7422,0,2024-04-29 00:11:15.355000
4743000,2.5549,0,2024-04-29 00:11:15.355000
4742000,1.2048,0,2024-04-29 00:11:15.355000
4741000,15.0632,0,2024-04-29 00:11:15.355000
4747000,0.001,1,2024-04-29 00:11:15.355000
4748000,5.84,1,2024-04-29 00:11:15.355000
4749000,7.9147,1,2024-04-29 00:11:15.355000
4750000,6.0712,1,2024-04-29 00:11:15.355000
4751000,19.0021,1,2024-04-29 00:11:15.355000
4745000,1.7693,0,2024-04-29 00:11:20.584000
4744000,1.7422,0,2024-04-29 00:11:20.584000
4743000,2.5549,0,2024-04-29 00:11:20.584000
4742000,1.2048,0,2024-04-29 00:11:20.584000
4741000,15.0632,0,2024-04-29 00:11:20.584000
4746000,3.56,1,2024-04-29 00:11:20.584000
4747000,0.001,1,2024-04-29 00:11:20.584000
4748000,5.84,1,2024-04-29 00:11:20.584000
4749000,7.9167,1,2024-04-29 00:11:20.584000
4750000,6.0732,1,2024-04-29 00:11:20.584000
4745000,1.7693,0,2024-04-29 00:11:25.823000
4744000,1.7422,0,2024-04-29 00:11:25.823000
4743000,2.5549,0,2024-04-29 00:11:25.823000
4742000,1.2048,0,2024-04-29 00:11:25.823000
4741000,15.0632,0,2024-04-29 00:11:25.823000
4746000,3.56,1,2024-04-29 00:11:25.823000
4747000,0.001,1,2024-04-29 00:11:25.823000
4748000,5.84,1,2024-04-29 00:11:25.823000
4749000,7.9167,1,2024-04-29 00:11:25.823000
4750000,6.0732,1,2024-04-29 00:11:25.823000
4745000,1.7693,0,2024-04-29 00:11:31.061000
4744000,1.7422,0,2024-04-29 00:11:31.061000
4743000,2.5549,0,2024-04-29 00:11:31.061000
4742000,1.2048,0,2024-04-29 00:11:31.061000
4741000,15.0632,0,2024-04-29 00:11:31.061000
4746000,3.56,1,2024-04-29 00:11:31.061000
4747000,0.001,1,2024-04-29 00:11:31.061000
4748000,5.84,1,2024-04-29 00:11:31.061000
4749000,7.5821,1,2024-04-29 00:11:31.061000
4750000,6.408,1,2024-04-29 00:11:31.061000
4745000,1.7693,0,2024-04-29 00:11:36.279000
4744000,1.7422,0,2024-04-29 00:11:36.279000
4743000,2.5549,0,2024-04-29 00:11:36.279000
4742000,1.2048,0,2024-04-29 00:11:36.279000
4741000,15.0632,0,2024-04-29 00:11:36.279000
4746000,3.56,1,2024-04-29 00:11:36.279000
4747000,0.001,1,2024-04-29 00:11:36.279000
4748000,5.84,1,2024-04-29 00:11:36.279000
4749000,7.5821,1,2024-04-29 00:11:36.279000
4750000,6.408,1,2024-04-29 00:11:36.279000
4745000,1.7693,0,2024-04-29 00:11:41.494000
4744000,1.7422,0,2024-04-29 00:11:41.494000
4743000,2.5549,0,2024-04-29 00:11:41.494000
4741000,16.2683,0,2024-04-29 00:11:41.494000
4740000,13.56,0,2024-04-29 00:11:41.494000
4746000,3.56,1,2024-04-29 00:11:41.494000
4747000,1.4396,1,2024-04-29 00:11:41.494000
4748000,4.4014,1,2024-04-29 00:11:41.494000
4749000,7.9152,1,2024-04-29 00:11:41.494000
4750000,6.0712,1,2024-04-29 00:11:41.494000
4745000,1.7693,0,2024-04-29 00:11:46.730000
4744000,1.7422,0,2024-04-29 00:11:46.730000
4743000,0.4497,0,2024-04-29 00:11:46.730000
4741000,19.8283,0,2024-04-29 00:11:46.730000
4740000,10.0,0,2024-04-29 00:11:46.730000
4746000,3.56,1,2024-04-29 00:11:46.730000
4747000,4.4396,1,2024-04-29 00:11:46.730000
4748000,8.9614,1,2024-04-29 00:11:46.730000
4749000,4.3568,1,2024-04-29 00:11:46.730000
4750000,11.4032,1,2024-04-29 00:11:46.730000
4744000,0.0,0,2024-04-29 00:11:51.989000
4743000,0.001,0,2024-04-29 00:11:51.989000
4742000,2.1057,0,2024-04-29 00:11:51.989000
4741000,0.0632,0,2024-04-29 00:11:51.989000
4740000,28.56,0,2024-04-29 00:11:51.989000
4745000,4.2306,1,2024-04-29 00:11:51.989000
4747000,4.001,1,2024-04-29 00:11:51.989000
4748000,18.4211,1,2024-04-29 00:11:51.989000
4749000,4.0221,1,2024-04-29 00:11:51.989000
4750000,11.301,1,2024-04-29 00:11:51.989000
4741000,2.1689,0,2024-04-29 00:11:57.215000
4740000,10.0,0,2024-04-29 00:11:57.215000
4739000,0.5507,0,2024-04-29 00:11:57.215000
4738000,4.7679,0,2024-04-29 00:11:57.215000
4737000,15.0,0,2024-04-29 00:11:57.215000
4742000,3.56,1,2024-04-29 00:11:57.215000
4743000,5.9989,1,2024-04-29 00:11:57.215000
4745000,4.2306,1,2024-04-29 00:11:57.215000
4746000,1.0,1,2024-04-29 00:11:57.215000
4747000,4.001,1,2024-04-29 00:11:57.215000
4741000,0.0632,0,2024-04-29 00:12:02.444000
4740000,12.1079,0,2024-04-29 00:12:02.444000
4739000,0.1008,0,2024-04-29 00:12:02.444000
4738000,0.0021,0,2024-04-29 00:12:02.444000
4737000,18.56,0,2024-04-29 00:12:02.444000
4742000,3.56,1,2024-04-29 00:12:02.444000
4743000,9.5589,1,2024-04-29 00:12:02.444000
4744000,1.0,1,2024-04-29 00:12:02.444000
4745000,5.6679,1,2024-04-29 00:12:02.444000
4746000,11.66,1,2024-04-29 00:12:02.444000
4740000,12.1045,0,2024-04-29 00:12:07.688000
4739000,0.1008,0,2024-04-29 00:12:07.688000
4738000,0.0021,0,2024-04-29 00:12:07.688000
4737000,15.0,0,2024-04-29 00:12:07.688000
4736000,4.0079,0,2024-04-29 00:12:07.688000
4741000,0.0298,1,2024-04-29 00:12:07.688000
4743000,9.5589,1,2024-04-29 00:12:07.688000
4744000,1.0,1,2024-04-29 00:12:07.688000
4745000,5.3328,1,2024-04-29 00:12:07.688000
4746000,11.9951,1,2024-04-29 00:12:07.688000
4740000,12.1045,0,2024-04-29 00:12:12.915000
4739000,0.1008,0,2024-04-29 00:12:12.915000
4738000,0.0021,0,2024-04-29 00:12:12.915000
4737000,18.56,0,2024-04-29 00:12:12.915000
4736000,1.6542,0,2024-04-29 00:12:12.915000
4741000,3.5898,1,2024-04-29 00:12:12.915000
4743000,9.5589,1,2024-04-29 00:12:12.915000
4744000,1.0,1,2024-04-29 00:12:12.915000
4745000,5.3328,1,2024-04-29 00:12:12.915000
4746000,11.9951,1,2024-04-29 00:12:12.915000
4740000,12.412,0,2024-04-29 00:12:18.161000
4739000,0.1008,0,2024-04-29 00:12:18.161000
4738000,0.0021,0,2024-04-29 00:12:18.161000
4737000,15.0,0,2024-04-29 00:12:18.161000
4736000,5.2142,0,2024-04-29 00:12:18.161000
4741000,3.5898,1,2024-04-29 00:12:18.161000
4743000,9.5589,1,2024-04-29 00:12:18.161000
4744000,1.0,1,2024-04-29 00:12:18.161000
4745000,5.6682,1,2024-04-29 00:12:18.161000
4746000,11.66,1,2024-04-29 00:12:18.161000
4740000,12.412,0,2024-04-29 00:12:23.418000
4739000,0.1008,0,2024-04-29 00:12:23.418000
4738000,0.0021,0,2024-04-29 00:12:23.418000
4737000,18.56,0,2024-04-29 00:12:23.418000
4736000,1.6542,0,2024-04-29 00:12:23.418000
4741000,0.4023,1,2024-04-29 00:12:23.418000
4743000,9.5589,1,2024-04-29 00:12:23.418000
4744000,1.654,1,2024-04-29 00:12:23.418000
4745000,5.6682,1,2024-04-29 00:12:23.418000
4746000,11.66,1,2024-04-29 00:12:23.418000
4740000,27.412,0,2024-04-29 00:12:28.672000
4739000,0.1038,0,2024-04-29 00:12:28.672000
4738000,0.0021,0,2024-04-29 00:12:28.672000
4737000,3.56,0,2024-04-29 00:12:28.672000
4736000,0.4479,0,2024-04-29 00:12:28.672000
4743000,5.9989,1,2024-04-29 00:12:28.672000
4744000,5.214,1,2024-04-29 00:12:28.672000
4745000,5.6682,1,2024-04-29 00:12:28.672000
4746000,4.0,1,2024-04-29 00:12:28.672000
4747000,16.4423,1,2024-04-29 00:12:28.672000
4740000,12.7199,0,2024-04-29 00:12:33.906000
4739000,0.1038,0,2024-04-29 00:12:33.906000
4738000,18.5621,0,2024-04-29 00:12:33.906000
4737000,3.56,0,2024-04-29 00:12:33.906000
4736000,1.6541,0,2024-04-29 00:12:33.906000
4743000,4.4644,1,2024-04-29 00:12:33.906000
4744000,3.654,1,2024-04-29 00:12:33.906000
4745000,9.228,1,2024-04-29 00:12:33.906000
4746000,4.0,1,2024-04-29 00:12:33.906000
4747000,22.5373,1,2024-04-29 00:12:33.906000
4740000,12.7199,0,2024-04-29 00:12:39.153000
4739000,3.6638,0,2024-04-29 00:12:39.153000
4738000,15.0021,0,2024-04-29 00:12:39.153000
4737000,4.7661,0,2024-04-29 00:12:39.153000
4736000,0.4479,0,2024-04-29 00:12:39.153000
4743000,4.5179,1,2024-04-29 00:12:39.153000
4744000,2.1184,1,2024-04-29 00:12:39.153000
4745000,8.8928,1,2024-04-29 00:12:39.153000
4746000,1.3349,1,2024-04-29 00:12:39.153000
4747000,21.331,1,2024-04-29 00:12:39.153000
4740000,12.7199,0,2024-04-29 00:12:44.415000
4739000,0.1038,0,2024-04-29 00:12:44.415000
4738000,18.5621,0,2024-04-29 00:12:44.415000
4737000,3.56,0,2024-04-29 00:12:44.415000
4736000,1.6541,0,2024-04-29 00:12:44.415000
4742000,0.122,1,2024-04-29 00:12:44.415000
4743000,0.9579,1,2024-04-29 00:12:44.415000
4744000,2.1184,1,2024-04-29 00:12:44.415000
4745000,8.8928,1,2024-04-29 00:12:44.415000
4746000,1.3349,1,2024-04-29 00:12:44.415000
4740000,12.7199,0,2024-04-29 00:12:49.647000
4739000,0.1038,0,2024-04-29 00:12:49.647000
4738000,18.5621,0,2024-04-29 00:12:49.647000
4737000,3.56,0,2024-04-29 00:12:49.647000
4736000,1.6541,0,2024-04-29 00:12:49.647000
4743000,4.5179,1,2024-04-29 00:12:49.647000
4744000,2.1184,1,2024-04-29 00:12:49.647000
4745000,5.6681,1,2024-04-29 00:12:49.647000
4746000,4.56,1,2024-04-29 00:12:49.647000
4747000,17.2073,1,2024-04-29 00:12:49.647000
4740000,12.7199,0,2024-04-29 00:12:54.893000
4739000,3.6638,0,2024-04-29 00:12:54.893000
4738000,15.0021,0,2024-04-29 00:12:54.893000
4737000,3.56,0,2024-04-29 00:12:54.893000
4736000,0.4479,0,2024-04-29 00:12:54.893000
4743000,4.9579,1,2024-04-29 00:12:54.893000
4744000,4.214,1,2024-04-29 00:12:54.893000
4745000,5.3328,1,2024-04-29 00:12:54.893000
4746000,4.8951,1,2024-04-29 00:12:54.893000
4747000,16.001,1,2024-04-29 00:12:54.893000
4740000,12.1045,0,2024-04-29 00:13:00.134000
4739000,3.6638,0,2024-04-29 00:13:00.134000
4738000,15.0021,0,2024-04-29 00:13:00.134000
4737000,3.56,0,2024-04-29 00:13:00.134000
4736000,1.654,0,2024-04-29 00:13:00.134000
4743000,4.7324,1,2024-04-29 00:13:00.134000
4744000,4.214,1,2024-04-29 00:13:00.134000
4745000,5.3328,1,2024-04-29 00:13:00.134000
4746000,4.8951,1,2024-04-29 00:13:00.134000
4747000,16.001,1,2024-04-29 00:13:00.134000
4740000,11.8154,0,2024-04-29 00:13:05.365000
4739000,3.6638,0,2024-04-29 00:13:05.365000
4738000,15.0021,0,2024-04-29 00:13:05.365000
4737000,3.56,0,2024-04-29 00:13:05.365000
4736000,1.654,0,2024-04-29 00:13:05.365000
4743000,4.6262,1,2024-04-29 00:13:05.365000
4744000,4.214,1,2024-04-29 00:13:05.365000
4745000,5.3328,1,2024-04-29 00:13:05.365000
4746000,4.8951,1,2024-04-29 00:13:05.365000
4747000,17.2072,1,2024-04-29 00:13:05.365000
4740000,11.9753,0,2024-04-29 00:13:10.615000
4739000,3.6638,0,2024-04-29 00:13:10.615000
4738000,15.0021,0,2024-04-29 00:13:10.615000
4737000,3.56,0,2024-04-29 00:13:10.615000
4736000,1.654,0,2024-04-29 00:13:10.615000
4743000,6.727,1,2024-04-29 00:13:10.615000
4744000,0.654,1,2024-04-29 00:13:10.615000
4745000,5.3328,1,2024-04-29 00:13:10.615000
4746000,4.8953,1,2024-04-29 00:13:10.615000
4747000,17.2072,1,2024-04-29 00:13:10.615000
4740000,11.9753,0,2024-04-29 00:13:15.866000
4739000,3.6638,0,2024-04-29 00:13:15.866000
4738000,15.0021,0,2024-04-29 00:13:15.866000
4737000,3.56,0,2024-04-29 00:13:15.866000
4736000,1.654,0,2024-04-29 00:13:15.866000
4743000,7.0995,1,2024-04-29 00:13:15.866000
4744000,3.654,1,2024-04-29 00:13:15.866000
4745000,5.3328,1,2024-04-29 00:13:15.866000
4746000,4.8953,1,2024-04-29 00:13:15.866000
4747000,17.2072,1,2024-04-29 00:13:15.866000
4740000,12.5907,0,2024-04-29 00:13:21.089000
4739000,3.6638,0,2024-04-29 00:13:21.089000
4738000,15.0021,0,2024-04-29 00:13:21.089000
4737000,3.56,0,2024-04-29 00:13:21.089000
4736000,1.654,0,2024-04-29 00:13:21.089000
4743000,5.0552,1,2024-04-29 00:13:21.089000
4744000,3.654,1,2024-04-29 00:13:21.089000
4745000,5.3328,1,2024-04-29 00:13:21.089000
4746000,4.56,1,2024-04-29 00:13:21.089000
4747000,17.2072,1,2024-04-29 00:13:21.089000
4740000,12.5907,0,2024-04-29 00:13:26.316000
4739000,3.6638,0,2024-04-29 00:13:26.316000
4738000,15.0021,0,2024-04-29 00:13:26.316000
4737000,3.56,0,2024-04-29 00:13:26.316000
4736000,1.654,0,2024-04-29 00:13:26.316000
4743000,5.0552,1,2024-04-29 00:13:26.316000
4744000,3.654,1,2024-04-29 00:13:26.316000
4745000,5.6682,1,2024-04-29 00:13:26.316000
4746000,4.56,1,2024-04-29 00:13:26.316000
4747000,17.2072,1,2024-04-29 00:13:26.316000
4740000,12.5907,0,2024-04-29 00:13:31.544000
4739000,3.6638,0,2024-04-29 00:13:31.544000
4738000,15.0021,0,2024-04-29 00:13:31.544000
4737000,4.7659,0,2024-04-29 00:13:31.544000
4736000,0.4479,0,2024-04-29 00:13:31.544000
4743000,1.1547,1,2024-04-29 00:13:31.544000
4744000,3.654,1,2024-04-29 00:13:31.544000
4745000,5.2306,1,2024-04-29 00:13:31.544000
4746000,7.56,1,2024-04-29 00:13:31.544000
4747000,1.336,1,2024-04-29 00:13:31.544000
4740000,14.1841,0,2024-04-29 00:13:36.772000
4739000,2.2099,0,2024-04-29 00:13:36.772000
4738000,19.7679,0,2024-04-29 00:13:36.772000
4736000,0.4479,0,2024-04-29 00:13:36.772000
4735000,10.8858,0,2024-04-29 00:13:36.772000
4743000,0.4372,1,2024-04-29 00:13:36.772000
4744000,3.654,1,2024-04-29 00:13:36.772000
4745000,8.7906,1,2024-04-29 00:13:36.772000
4746000,4.0,1,2024-04-29 00:13:36.772000
4747000,7.896,1,2024-04-29 00:13:36.772000
4740000,14.1841,0,2024-04-29 00:13:41.993000
4739000,0.1038,0,2024-04-29 00:13:41.993000
4738000,19.7679,0,2024-04-29 00:13:41.993000
4736000,6.1135,0,2024-04-29 00:13:41.993000
4735000,11.5497,0,2024-04-29 00:13:41.993000
4743000,0.5449,1,2024-04-29 00:13:41.993000
4744000,0.654,1,2024-04-29 00:13:41.993000
4745000,7.7906,1,2024-04-29 00:13:41.993000
4746000,4.0,1,2024-04-29 00:13:41.993000
4747000,7.561,1,2024-04-29 00:13:41.993000
4740000,31.2898,0,2024-04-29 00:13:47.225000
4739000,0.1038,0,2024-04-29 00:13:47.225000
4738000,4.7678,0,2024-04-29 00:13:47.225000
4736000,6.1135,0,2024-04-29 00:13:47.225000
4735000,11.5497,0,2024-04-29 00:13:47.225000
4743000,0.5238,1,2024-04-29 00:13:47.225000
4744000,0.654,1,2024-04-29 00:13:47.225000
4745000,4.2306,1,2024-04-29 00:13:47.225000
4746000,4.0,1,2024-04-29 00:13:47.225000
4747000,4.001,1,2024-04-29 00:13:47.225000
4740000,29.0198,0,2024-04-29 00:13:52.461000
4739000,4.8694,0,2024-04-29 00:13:52.461000
4738000,0.0021,0,2024-04-29 00:13:52.461000
4736000,6.1135,0,2024-04-29 00:13:52.461000
4735000,11.5497,0,2024-04-29 00:13:52.461000
4743000,0.4835,1,2024-04-29 00:13:52.461000
4744000,0.654,1,2024-04-29 00:13:52.461000
4746000,6.56,1,2024-04-29 00:13:52.461000
4747000,4.001,1,2024-04-29 00:13:52.461000
4748000,24.7344,1,2024-04-29 00:13:52.461000
4740000,33.0198,0,2024-04-29 00:13:57.705000
4739000,4.8694,0,2024-04-29 00:13:57.705000
4738000,0.0021,0,2024-04-29 00:13:57.705000
4736000,6.1135,0,2024-04-29 00:13:57.705000
4735000,11.5497,0,2024-04-29 00:13:57.705000
4743000,0.212,1,2024-04-29 00:13:57.705000
4744000,0.654,1,2024-04-29 00:13:57.705000
4746000,6.56,1,2024-04-29 00:13:57.705000
4747000,4.001,1,2024-04-29 00:13:57.705000
4748000,24.7344,1,2024-04-29 00:13:57.705000
4741000,9.6431,0,2024-04-29 00:14:02.962000
4740000,30.0837,0,2024-04-29 00:14:02.962000
4739000,0.1038,0,2024-04-29 00:14:02.962000
4738000,0.0021,0,2024-04-29 00:14:02.962000
4737000,1.3354,0,2024-04-29 00:14:02.962000
4743000,0.0,1,2024-04-29 00:14:02.962000
4744000,0.654,1,2024-04-29 00:14:02.962000
4747000,8.0416,1,2024-04-29 00:14:02.962000
4748000,5.4014,1,2024-04-29 00:14:02.962000
4749000,8.3548,1,2024-04-29 00:14:02.962000
4742000,7.5983,0,2024-04-29 00:14:08.330000
4741000,3.56,0,2024-04-29 00:14:08.330000
4740000,25.3185,0,2024-04-29 00:14:08.330000
4739000,0.5492,0,2024-04-29 00:14:08.330000
4738000,1.3375,0,2024-04-29 00:14:08.330000
4743000,0.0,1,2024-04-29 00:14:08.330000
4744000,0.654,1,2024-04-29 00:14:08.330000
4747000,0.001,1,2024-04-29 00:14:08.330000
4748000,5.8765,1,2024-04-29 00:14:08.330000
4749000,7.5821,1,2024-04-29 00:14:08.330000
4742000,9.6344,0,2024-04-29 00:14:13.552000
4741000,5.6657,0,2024-04-29 00:14:13.552000
4740000,25.3185,0,2024-04-29 00:14:13.552000
4739000,0.8846,0,2024-04-29 00:14:13.552000
4738000,1.0021,0,2024-04-29 00:14:13.552000
4744000,0.1449,1,2024-04-29 00:14:13.552000
4747000,1.4761,1,2024-04-29 00:14:13.552000
4748000,7.9614,1,2024-04-29 00:14:13.552000
4749000,4.0201,1,2024-04-29 00:14:13.552000
4750000,24.529,1,2024-04-29 00:14:13.552000
4743000,3.56,0,2024-04-29 00:14:18.827000
4742000,1.9331,0,2024-04-29 00:14:18.827000
4741000,5.6657,0,2024-04-29 00:14:18.827000
4740000,25.3185,0,2024-04-29 00:14:18.827000
4739000,5.8792,0,2024-04-29 00:14:18.827000
4744000,0.0,1,2024-04-29 00:14:18.827000
4747000,1.4761,1,2024-04-29 00:14:18.827000
4748000,7.9614,1,2024-04-29 00:14:18.827000
4749000,4.1243,1,2024-04-29 00:14:18.827000
4750000,24.531,1,2024-04-29 00:14:18.827000
4743000,4.1413,0,2024-04-29 00:14:24.052000
4742000,2.7597,0,2024-04-29 00:14:24.052000
4741000,3.56,0,2024-04-29 00:14:24.052000
4740000,25.3185,0,2024-04-29 00:14:24.052000
4739000,6.2146,0,2024-04-29 00:14:24.052000
4744000,0.0,1,2024-04-29 00:14:24.052000
4747000,1.4761,1,2024-04-29 00:14:24.052000
4748000,7.9614,1,2024-04-29 00:14:24.052000
4749000,4.1223,1,2024-04-29 00:14:24.052000
4750000,24.529,1,2024-04-29 00:14:24.052000
4744000,7.7012,0,2024-04-29 00:14:29.304000
4742000,6.3197,0,2024-04-29 00:14:29.304000
4740000,25.3185,0,2024-04-29 00:14:29.304000
4739000,11.9671,0,2024-04-29 00:14:29.304000
4738000,1.0021,0,2024-04-29 00:14:29.304000
4747000,0.001,1,2024-04-29 00:14:29.304000
4748000,7.9614,1,2024-04-29 00:14:29.304000
4749000,4.1243,1,2024-04-29 00:14:29.304000
4750000,24.531,1,2024-04-29 00:14:29.304000
4751000,4.339,1,2024-04-29 00:14:29.304000
4744000,7.7012,0,2024-04-29 00:14:34.545000
4742000,6.3197,0,2024-04-29 00:14:34.545000
4740000,25.3185,0,2024-04-29 00:14:34.545000
4739000,11.6317,0,2024-04-29 00:14:34.545000
4738000,1.0021,0,2024-04-29 00:14:34.545000
4747000,0.001,1,2024-04-29 00:14:34.545000
4748000,9.4417,1,2024-04-29 00:14:34.545000
4749000,3.1243,1,2024-04-29 00:14:34.545000
4750000,24.531,1,2024-04-29 00:14:34.545000
4751000,4.339,1,2024-04-29 00:14:34.545000
4744000,7.7012,0,2024-04-29 00:14:39.801000
4742000,6.3197,0,2024-04-29 00:14:39.801000
4740000,25.3185,0,2024-04-29 00:14:39.801000
4739000,11.6317,0,2024-04-29 00:14:39.801000
4738000,1.3375,0,2024-04-29 00:14:39.801000
4747000,0.001,1,2024-04-29 00:14:39.801000
4748000,6.4417,1,2024-04-29 00:14:39.801000
4749000,3.1243,1,2024-04-29 00:14:39.801000
4750000,24.531,1,2024-04-29 00:14:39.801000
4751000,4.339,1,2024-04-29 00:14:39.801000
4744000,7.7012,0,2024-04-29 00:14:45.048000
4742000,6.3197,0,2024-04-29 00:14:45.048000
4740000,25.3185,0,2024-04-29 00:14:45.048000
4739000,11.6317,0,2024-04-29 00:14:45.048000
4738000,1.3377,0,2024-04-29 00:14:45.048000
4747000,0.001,1,2024-04-29 00:14:45.048000
4748000,6.4417,1,2024-04-29 00:14:45.048000
4749000,3.1243,1,2024-04-29 00:14:45.048000
4750000,24.531,1,2024-04-29 00:14:45.048000
4751000,4.339,1,2024-04-29 00:14:45.048000
4744000,7.7012,0,2024-04-29 00:14:50.277000
4742000,6.3197,0,2024-04-29 00:14:50.277000
4740000,25.3185,0,2024-04-29 00:14:50.277000
4739000,12.6317,0,2024-04-29 00:14:50.277000
4738000,1.3377,0,2024-04-29 00:14:50.277000
4747000,0.001,1,2024-04-29 00:14:50.277000
4748000,6.4417,1,2024-04-29 00:14:50.277000
4749000,3.1223,1,2024-04-29 00:14:50.277000
4750000,24.529,1,2024-04-29 00:14:50.277000
4751000,4.337,1,2024-04-29 00:14:50.277000
4744000,7.7012,0,2024-04-29 00:14:55.511000
4742000,6.3197,0,2024-04-29 00:14:55.511000
4740000,25.3185,0,2024-04-29 00:14:55.511000
4739000,12.6317,0,2024-04-29 00:14:55.511000
4738000,1.3377,0,2024-04-29 00:14:55.511000
4747000,0.001,1,2024-04-29 00:14:55.511000
4748000,6.4417,1,2024-04-29 00:14:55.511000
4749000,3.1243,1,2024-04-29 00:14:55.511000
4750000,24.531,1,2024-04-29 00:14:55.511000
4751000,4.339,1,2024-04-29 00:14:55.511000
4744000,4.1413,0,2024-04-29 00:15:00.744000
4743000,1.2791,0,2024-04-29 00:15:00.744000
4742000,2.1057,0,2024-04-29 00:15:00.744000
4741000,4.7652,0,2024-04-29 00:15:00.744000
4740000,25.3185,0,2024-04-29 00:15:00.744000
4747000,0.001,1,2024-04-29 00:15:00.744000
4748000,4.3545,1,2024-04-29 00:15:00.744000
4749000,3.1243,1,2024-04-29 00:15:00.744000
4750000,24.8659,1,2024-04-29 00:15:00.744000
4751000,4.0041,1,2024-04-29 00:15:00.744000
4744000,4.1413,0,2024-04-29 00:15:05.981000
4743000,19.8391,0,2024-04-29 00:15:05.981000
4742000,2.1057,0,2024-04-29 00:15:05.981000
4740000,10.3185,0,2024-04-29 00:15:05.981000
4739000,7.3017,0,2024-04-29 00:15:05.981000
4747000,0.001,1,2024-04-29 00:15:05.981000
4748000,7.9145,1,2024-04-29 00:15:05.981000
4749000,3.1243,1,2024-04-29 00:15:05.981000
4750000,9.531,1,2024-04-29 00:15:05.981000
4751000,4.3387,1,2024-04-29 00:15:05.981000
4744000,4.1413,0,2024-04-29 00:15:11.209000
4743000,17.1043,0,2024-04-29 00:15:11.209000
4740000,11.6539,0,2024-04-29 00:15:11.209000
4739000,12.6317,0,2024-04-29 00:15:11.209000
4738000,1.0021,0,2024-04-29 00:15:11.209000
4747000,0.001,1,2024-04-29 00:15:11.209000
4748000,2.8817,1,2024-04-29 00:15:11.209000
4749000,3.5821,1,2024-04-29 00:15:11.209000
4750000,4.971,1,2024-04-29 00:15:11.209000
4751000,7.5641,1,2024-04-29 00:15:11.209000
4744000,4.1413,0,2024-04-29 00:15:16.475000
4743000,15.0,0,2024-04-29 00:15:16.475000
4742000,3.3082,0,2024-04-29 00:15:16.475000
4740000,11.3185,0,2024-04-29 00:15:16.475000
4739000,12.6317,0,2024-04-29 00:15:16.475000
4747000,0.001,1,2024-04-29 00:15:16.475000
4748000,2.8817,1,2024-04-29 00:15:16.475000
4749000,3.6823,1,2024-04-29 00:15:16.475000
4750000,5.304,1,2024-04-29 00:15:16.475000
4751000,7.5641,1,2024-04-29 00:15:16.475000
4744000,4.1413,0,2024-04-29 00:15:21.718000
4743000,3.56,0,2024-04-29 00:15:21.718000
4742000,2.1034,0,2024-04-29 00:15:21.718000
4740000,25.3185,0,2024-04-29 00:15:21.718000
4739000,10.8617,0,2024-04-29 00:15:21.718000
4747000,5.0338,1,2024-04-29 00:15:21.718000
4748000,2.8817,1,2024-04-29 00:15:21.718000
4749000,19.2666,1,2024-04-29 00:15:21.718000
4750000,6.3058,1,2024-04-29 00:15:21.718000
4751000,4.0041,1,2024-04-29 00:15:21.718000
4744000,4.1413,0,2024-04-29 00:15:26.967000
4743000,3.56,0,2024-04-29 00:15:26.967000
4742000,2.7166,0,2024-04-29 00:15:26.967000
4741000,3.56,0,2024-04-29 00:15:26.967000
4740000,26.5237,0,2024-04-29 00:15:26.967000
4747000,5.0481,1,2024-04-29 00:15:26.967000
4748000,2.8817,1,2024-04-29 00:15:26.967000
4749000,19.5993,1,2024-04-29 00:15:26.967000
4750000,5.969,1,2024-04-29 00:15:26.967000
4751000,4.0021,1,2024-04-29 00:15:26.967000
4744000,4.0294,0,2024-04-29 00:15:32.231000
4740000,13.8785,0,2024-04-29 00:15:32.231000
4739000,3.6638,0,2024-04-29 00:15:32.231000
4738000,0.0021,0,2024-04-29 00:15:32.231000
4737000,15.7684,0,2024-04-29 00:15:32.231000
4745000,5.0328,1,2024-04-29 00:15:32.231000
4746000,18.56,1,2024-04-29 00:15:32.231000
4747000,3.0153,1,2024-04-29 00:15:32.231000
4748000,6.8817,1,2024-04-29 00:15:32.231000
4749000,12.6624,1,2024-04-29 00:15:32.231000
4740000,10.3185,0,2024-04-29 00:15:37.462000
4739000,5.7695,0,2024-04-29 00:15:37.462000
4738000,0.0371,0,2024-04-29 00:15:37.462000
4737000,15.0,0,2024-04-29 00:15:37.462000
4736000,6.5621,0,2024-04-29 00:15:37.462000
4743000,3.56,1,2024-04-29 00:15:37.462000
4745000,3.6272,1,2024-04-29 00:15:37.462000
4746000,19.0,1,2024-04-29 00:15:37.462000
4747000,9.3453,1,2024-04-29 00:15:37.462000
4748000,65.2639,1,2024-04-29 00:15:37.462000
4740000,10.3185,0,2024-04-29 00:15:42.725000
4739000,0.1038,0,2024-04-29 00:15:42.725000
4738000,5.7028,0,2024-04-29 00:15:42.725000
4737000,15.0,0,2024-04-29 00:15:42.725000
4736000,7.7684,0,2024-04-29 00:15:42.725000
4743000,7.595,1,2024-04-29 00:15:42.725000
4745000,3.6272,1,2024-04-29 00:15:42.725000
4746000,19.3347,1,2024-04-29 00:15:42.725000
4747000,10.5516,1,2024-04-29 00:15:42.725000
4748000,64.0577,1,2024-04-29 00:15:42.725000
4740000,10.2951,0,2024-04-29 00:15:47.977000
4739000,5.7695,0,2024-04-29 00:15:47.977000
4738000,0.0371,0,2024-04-29 00:15:47.977000
4737000,19.206,0,2024-04-29 00:15:47.977000
4736000,6.5621,0,2024-04-29 00:15:47.977000
4743000,7.595,1,2024-04-29 00:15:47.977000
4745000,3.6272,1,2024-04-29 00:15:47.977000
4746000,4.3347,1,2024-04-29 00:15:47.977000
4747000,24.3453,1,2024-04-29 00:15:47.977000
4748000,65.2639,1,2024-04-29 00:15:47.977000
4740000,11.7889,0,2024-04-29 00:15:53.229000
4739000,0.1038,0,2024-04-29 00:15:53.229000
4738000,5.7028,0,2024-04-29 00:15:53.229000
4737000,19.206,0,2024-04-29 00:15:53.229000
4736000,8.3321,0,2024-04-29 00:15:53.229000
4743000,4.035,1,2024-04-29 00:15:53.229000
4744000,3.56,1,2024-04-29 00:15:53.229000
4745000,3.6272,1,2024-04-29 00:15:53.229000
4746000,4.3347,1,2024-04-29 00:15:53.229000
4747000,24.3453,1,2024-04-29 00:15:53.229000
4741000,2.1057,0,2024-04-29 00:15:58.456000
4740000,11.7889,0,2024-04-29 00:15:58.456000
4739000,0.1038,0,2024-04-29 00:15:58.456000
4738000,3.5971,0,2024-04-29 00:15:58.456000
4737000,19.206,0,2024-04-29 00:15:58.456000
4743000,4.035,1,2024-04-29 00:15:58.456000
4744000,3.56,1,2024-04-29 00:15:58.456000
4745000,0.6024,1,2024-04-29 00:15:58.456000
4746000,6.56,1,2024-04-29 00:15:58.456000
4747000,19.3359,1,2024-04-29 00:15:58.456000
4740000,23.2289,0,2024-04-29 00:16:03.691000
4739000,5.7695,0,2024-04-29 00:16:03.691000
4738000,6.6815,0,2024-04-29 00:16:03.691000
4737000,3.0,0,2024-04-29 00:16:03.691000
4736000,9.3321,0,2024-04-29 00:16:03.691000
4742000,0.0142,1,2024-04-29 00:16:03.691000
4743000,4.035,1,2024-04-29 00:16:03.691000
4745000,3.56,1,2024-04-29 00:16:03.691000
4747000,6.8962,1,2024-04-29 00:16:03.691000
4748000,22.3083,1,2024-04-29 00:16:03.691000
4740000,11.8733,0,2024-04-29 00:16:08.985000
4739000,2.2095,0,2024-04-29 00:16:08.985000
4738000,21.6815,0,2024-04-29 00:16:08.985000
4737000,4.206,0,2024-04-29 00:16:08.985000
4736000,9.3321,0,2024-04-29 00:16:08.985000
4742000,4.0492,1,2024-04-29 00:16:08.985000
4744000,3.56,1,2024-04-29 00:16:08.985000
4747000,6.896,1,2024-04-29 00:16:08.985000
4748000,23.5144,1,2024-04-29 00:16:08.985000
4749000,4.0221,1,2024-04-29 00:16:08.985000
4740000,7.6979,0,2024-04-29 00:16:14.223000
4739000,0.1038,0,2024-04-29 00:16:14.223000
4738000,8.7872,0,2024-04-29 00:16:14.223000
4737000,3.0,0,2024-04-29 00:16:14.223000
4736000,23.7684,0,2024-04-29 00:16:14.223000
4742000,4.035,1,2024-04-29 00:16:14.223000
4744000,4.095,1,2024-04-29 00:16:14.223000
4745000,12.6495,1,2024-04-29 00:16:14.223000
4746000,6.8949,1,2024-04-29 00:16:14.223000
4747000,4.001,1,2024-04-29 00:16:14.223000
4740000,7.6979,0,2024-04-29 00:16:19.450000
4739000,5.7699,0,2024-04-29 00:16:19.450000
4738000,3.1215,0,2024-04-29 00:16:19.450000
4737000,3.0,0,2024-04-29 00:16:19.450000
4736000,23.7683,0,2024-04-29 00:16:19.450000
4742000,4.035,1,2024-04-29 00:16:19.450000
4743000,3.56,1,2024-04-29 00:16:19.450000
4745000,3.9621,1,2024-04-29 00:16:19.450000
4746000,3.0,1,2024-04-29 00:16:19.450000
4747000,19.001,1,2024-04-29 00:16:19.450000
4740000,7.6979,0,2024-04-29 00:16:24.701000
4739000,0.1038,0,2024-04-29 00:16:24.701000
4738000,2.1922,0,2024-04-29 00:16:24.701000
4737000,6.595,0,2024-04-29 00:16:24.701000
4736000,18.0021,0,2024-04-29 00:16:24.701000
4742000,7.595,1,2024-04-29 00:16:24.701000
4744000,0.3355,1,2024-04-29 00:16:24.701000
4745000,19.2095,1,2024-04-29 00:16:24.701000
4746000,4.0,1,2024-04-29 00:16:24.701000
4747000,4.001,1,2024-04-29 00:16:24.701000
4740000,7.6979,0,2024-04-29 00:16:29.925000
4739000,0.1038,0,2024-04-29 00:16:29.925000
4738000,5.7522,0,2024-04-29 00:16:29.925000
4737000,3.035,0,2024-04-29 00:16:29.925000
4736000,18.0021,0,2024-04-29 00:16:29.925000
4742000,7.5785,1,2024-04-29 00:16:29.925000
4745000,19.5448,1,2024-04-29 00:16:29.925000
4746000,4.0,1,2024-04-29 00:16:29.925000
4747000,4.001,1,2024-04-29 00:16:29.925000
4748000,69.3877,1,2024-04-29 00:16:29.925000
4740000,7.6979,0,2024-04-29 00:16:35.172000
4739000,0.1038,0,2024-04-29 00:16:35.172000
4738000,5.7522,0,2024-04-29 00:16:35.172000
4737000,3.035,0,2024-04-29 00:16:35.172000
4736000,18.0021,0,2024-04-29 00:16:35.172000
4741000,6.8131,1,2024-04-29 00:16:35.172000
4742000,4.564,1,2024-04-29 00:16:35.172000
4745000,19.5448,1,2024-04-29 00:16:35.172000
4746000,4.0,1,2024-04-29 00:16:35.172000
4747000,61.9569,1,2024-04-29 00:16:35.172000
4740000,7.6979,0,2024-04-29 00:16:40.399000
4739000,0.1038,0,2024-04-29 00:16:40.399000
4738000,3.6465,0,2024-04-29 00:16:40.399000
4737000,3.035,0,2024-04-29 00:16:40.399000
4736000,18.0021,0,2024-04-29 00:16:40.399000
4741000,6.7274,1,2024-04-29 00:16:40.399000
4742000,4.564,1,2024-04-29 00:16:40.399000
4745000,6.9625,1,2024-04-29 00:16:40.399000
4746000,20.2065,1,2024-04-29 00:16:40.399000
4747000,60.7504,1,2024-04-29 00:16:40.399000
4740000,7.6957,0,2024-04-29 00:16:45.637000
4739000,0.1038,0,2024-04-29 00:16:45.637000
4738000,0.0865,0,2024-04-29 00:16:45.637000
4736000,0.0021,0,2024-04-29 00:16:45.637000
4735000,31.56,0,2024-04-29 00:16:45.637000
4741000,10.4161,1,2024-04-29 00:16:45.637000
4742000,1.004,1,2024-04-29 00:16:45.637000
4743000,6.8951,1,2024-04-29 00:16:45.637000
4744000,19.0672,1,2024-04-29 00:16:45.637000
4745000,5.207,1,2024-04-29 00:16:45.637000
4740000,4.6611,0,2024-04-29 00:16:50.893000
4739000,0.1038,0,2024-04-29 00:16:50.893000
4738000,0.0865,0,2024-04-29 00:16:50.893000
4736000,0.0021,0,2024-04-29 00:16:50.893000
4735000,28.0,0,2024-04-29 00:16:50.893000
4741000,10.4161,1,2024-04-29 00:16:50.893000
4742000,1.004,1,2024-04-29 00:16:50.893000
4743000,6.895,1,2024-04-29 00:16:50.893000
4744000,20.2743,1,2024-04-29 00:16:50.893000
4745000,60.7494,1,2024-04-29 00:16:50.893000
4740000,3.4033,0,2024-04-29 00:16:56.132000
4739000,0.1038,0,2024-04-29 00:16:56.132000
4738000,0.0865,0,2024-04-29 00:16:56.132000
4736000,5.0589,0,2024-04-29 00:16:56.132000
4735000,28.0,0,2024-04-29 00:16:56.132000
4741000,10.2613,1,2024-04-29 00:16:56.132000
4742000,4.564,1,2024-04-29 00:16:56.132000
4743000,3.335,1,2024-04-29 00:16:56.132000
4744000,5.2742,1,2024-04-29 00:16:56.132000
4745000,75.7494,1,2024-04-29 00:16:56.132000
4740000,0.4033,0,2024-04-29 00:17:01.360000
4739000,0.1038,0,2024-04-29 00:17:01.360000
4738000,0.0865,0,2024-04-29 00:17:01.360000
4736000,5.0589,0,2024-04-29 00:17:01.360000
4735000,31.56,0,2024-04-29 00:17:01.360000
4741000,10.2613,1,2024-04-29 00:17:01.360000
4742000,4.564,1,2024-04-29 00:17:01.360000
4743000,0.335,1,2024-04-29 00:17:01.360000
4744000,3.0672,1,2024-04-29 00:17:01.360000
4745000,75.7494,1,2024-04-29 00:17:01.360000
4740000,0.4033,0,2024-04-29 00:17:06.618000
4739000,0.1038,0,2024-04-29 00:17:06.618000
4738000,18.6465,0,2024-04-29 00:17:06.618000
4736000,3.0021,0,2024-04-29 00:17:06.618000
4735000,16.9633,0,2024-04-29 00:17:06.618000
4741000,6.7013,1,2024-04-29 00:17:06.618000
4742000,4.564,1,2024-04-29 00:17:06.618000
4744000,3.6272,1,2024-04-29 00:17:06.618000
4745000,3.335,1,2024-04-29 00:17:06.618000
4746000,25.9549,1,2024-04-29 00:17:06.618000
4740000,0.069,0,2024-04-29 00:17:11.858000
4739000,0.1038,0,2024-04-29 00:17:11.858000
4738000,20.7526,0,2024-04-29 00:17:11.858000
4736000,3.0021,0,2024-04-29 00:17:11.858000
4735000,8.7665,0,2024-04-29 00:17:11.858000
4741000,6.7013,1,2024-04-29 00:17:11.858000
4742000,4.564,1,2024-04-29 00:17:11.858000
4744000,3.6272,1,2024-04-29 00:17:11.858000
4745000,3.335,1,2024-04-29 00:17:11.858000
4746000,25.9549,1,2024-04-29 00:17:11.858000
4739000,0.1038,0,2024-04-29 00:17:17.093000
4738000,17.1926,0,2024-04-29 00:17:17.093000
4737000,3.0,0,2024-04-29 00:17:17.093000
4736000,6.5971,0,2024-04-29 00:17:17.093000
4735000,8.7665,0,2024-04-29 00:17:17.093000
4740000,4.3869,1,2024-04-29 00:17:17.093000
4741000,2.86,1,2024-04-29 00:17:17.093000
4742000,1.004,1,2024-04-29 00:17:17.093000
4744000,3.6272,1,2024-04-29 00:17:17.093000
4745000,3.335,1,2024-04-29 00:17:17.093000
4739000,0.1038,0,2024-04-29 00:17:22.314000
4738000,0.0865,0,2024-04-29 00:17:22.314000
4737000,20.1057,0,2024-04-29 00:17:22.314000
4736000,3.0371,0,2024-04-29 00:17:22.314000
4735000,7.56,0,2024-04-29 00:17:22.314000
4740000,3.8413,1,2024-04-29 00:17:22.314000
4741000,2.86,1,2024-04-29 00:17:22.314000
4742000,1.004,1,2024-04-29 00:17:22.314000
4743000,3.56,1,2024-04-29 00:17:22.314000
4744000,0.0672,1,2024-04-29 00:17:22.314000
4739000,0.1038,0,2024-04-29 00:17:27.543000
4738000,0.0865,0,2024-04-29 00:17:27.543000
4737000,6.56,0,2024-04-29 00:17:27.543000
4736000,18.0371,0,2024-04-29 00:17:27.543000
4735000,7.56,0,2024-04-29 00:17:27.543000
4740000,3.8413,1,2024-04-29 00:17:27.543000
4741000,6.42,1,2024-04-29 00:17:27.543000
4742000,1.004,1,2024-04-29 00:17:27.543000
4744000,4.8341,1,2024-04-29 00:17:27.543000
4745000,3.3353,1,2024-04-29 00:17:27.543000
4738000,0.0865,0,2024-04-29 00:17:32.769000
4736000,3.0021,0,2024-04-29 00:17:32.769000
4735000,21.56,0,2024-04-29 00:17:32.769000
4734000,4.0211,0,2024-04-29 00:17:32.769000
4733000,7.5831,0,2024-04-29 00:17:32.769000
4739000,4.0771,1,2024-04-29 00:17:32.769000
4740000,3.565,1,2024-04-29 00:17:32.769000
4741000,2.86,1,2024-04-29 00:17:32.769000
4742000,4.6312,1,2024-04-29 00:17:32.769000
4743000,1.2071,1,2024-04-29 00:17:32.769000
4738000,0.0865,0,2024-04-29 00:17:38.015000
4736000,0.0021,0,2024-04-29 00:17:38.015000
4735000,18.0,0,2024-04-29 00:17:38.015000
4734000,3.0211,0,2024-04-29 00:17:38.015000
4733000,7.5831,0,2024-04-29 00:17:38.015000
4739000,4.0771,1,2024-04-29 00:17:38.015000
4740000,3.565,1,2024-04-29 00:17:38.015000
4741000,2.86,1,2024-04-29 00:17:38.015000
4742000,4.6312,1,2024-04-29 00:17:38.015000
4743000,1.2071,1,2024-04-29 00:17:38.015000
4736000,2.1082,0,2024-04-29 00:17:43.324000
4735000,18.0,0,2024-04-29 00:17:43.324000
4734000,3.0561,0,2024-04-29 00:17:43.324000
4733000,7.5831,0,2024-04-29 00:17:43.324000
4732000,2.5448,0,2024-04-29 00:17:43.324000
4738000,6.7547,1,2024-04-29 00:17:43.324000
4739000,0.2358,1,2024-04-29 00:17:43.324000
4740000,3.565,1,2024-04-29 00:17:43.324000
4741000,2.86,1,2024-04-29 00:17:43.324000
4742000,4.6312,1,2024-04-29 00:17:43.324000
4736000,5.6682,0,2024-04-29 00:17:48.585000
4735000,18.0,0,2024-04-29 00:17:48.585000
4734000,3.0561,0,2024-04-29 00:17:48.585000
4733000,9.1244,0,2024-04-29 00:17:48.585000
4732000,6.33,0,2024-04-29 00:17:48.585000
4738000,6.4901,1,2024-04-29 00:17:48.585000
4739000,0.2358,1,2024-04-29 00:17:48.585000
4740000,3.565,1,2024-04-29 00:17:48.585000
4741000,2.86,1,2024-04-29 00:17:48.585000
4742000,4.6312,1,2024-04-29 00:17:48.585000
4736000,8.6682,0,2024-04-29 00:17:53.837000
4735000,18.0,0,2024-04-29 00:17:53.837000
4734000,7.6161,0,2024-04-29 00:17:53.837000
4733000,4.3588,0,2024-04-29 00:17:53.837000
4732000,6.332,0,2024-04-29 00:17:53.837000
4738000,5.8745,1,2024-04-29 00:17:53.837000
4740000,3.565,1,2024-04-29 00:17:53.837000
4741000,2.86,1,2024-04-29 00:17:53.837000
4742000,4.6312,1,2024-04-29 00:17:53.837000
4744000,21.3309,1,2024-04-29 00:17:53.837000
4736000,8.4324,0,2024-04-29 00:17:59.092000
4735000,18.0,0,2024-04-29 00:17:59.092000
4734000,7.6161,0,2024-04-29 00:17:59.092000
4733000,5.5656,0,2024-04-29 00:17:59.092000
4732000,6.332,0,2024-04-29 00:17:59.092000
4738000,5.7903,1,2024-04-29 00:17:59.092000
4740000,0.005,1,2024-04-29 00:17:59.092000
4741000,2.86,1,2024-04-29 00:17:59.092000
4742000,4.6312,1,2024-04-29 00:17:59.092000
4744000,21.3309,1,2024-04-29 00:17:59.092000
4736000,6.56,0,2024-04-29 00:18:04.335000
4735000,20.1061,0,2024-04-29 00:18:04.335000
4734000,7.6161,0,2024-04-29 00:18:04.335000
4733000,4.3588,0,2024-04-29 00:18:04.335000
4732000,6.332,0,2024-04-29 00:18:04.335000
4738000,5.7095,1,2024-04-29 00:18:04.335000
4740000,0.005,1,2024-04-29 00:18:04.335000
4741000,6.42,1,2024-04-29 00:18:04.335000
4742000,4.6312,1,2024-04-29 00:18:04.335000
4744000,21.3309,1,2024-04-29 00:18:04.335000
4736000,6.56,0,2024-04-29 00:18:09.608000
4735000,20.1061,0,2024-04-29 00:18:09.608000
4734000,7.6161,0,2024-04-29 00:18:09.608000
4733000,5.23,0,2024-04-29 00:18:09.608000
4732000,6.6683,0,2024-04-29 00:18:09.608000
4738000,5.7145,1,2024-04-29 00:18:09.608000
4740000,0.005,1,2024-04-29 00:18:09.608000
4741000,3.6887,1,2024-04-29 00:18:09.608000
4742000,3.6312,1,2024-04-29 00:18:09.608000
4744000,22.8728,1,2024-04-29 00:18:09.608000
4736000,6.5169,0,2024-04-29 00:18:14.872000
4735000,20.1061,0,2024-04-29 00:18:14.872000
4734000,7.6161,0,2024-04-29 00:18:14.872000
4733000,4.3568,0,2024-04-29 00:18:14.872000
4732000,6.33,0,2024-04-29 00:18:14.872000
4738000,3.8463,1,2024-04-29 00:18:14.872000
4740000,0.005,1,2024-04-29 00:18:14.872000
4741000,3.6887,1,2024-04-29 00:18:14.872000
4742000,3.6312,1,2024-04-29 00:18:14.872000
4744000,21.3309,1,2024-04-29 00:18:14.872000
4736000,22.5169,0,2024-04-29 00:18:20.123000
4735000,20.1061,0,2024-04-29 00:18:20.123000
4734000,7.6161,0,2024-04-29 00:18:20.123000
4733000,5.5656,0,2024-04-29 00:18:20.123000
4732000,6.332,0,2024-04-29 00:18:20.123000
4738000,3.8463,1,2024-04-29 00:18:20.123000
4740000,0.005,1,2024-04-29 00:18:20.123000
4741000,3.6887,1,2024-04-29 00:18:20.123000
4742000,3.6312,1,2024-04-29 00:18:20.123000
4744000,22.5377,1,2024-04-29 00:18:20.123000
4736000,22.3983,0,2024-04-29 00:18:25.389000
4735000,20.1065,0,2024-04-29 00:18:25.389000
4734000,7.6161,0,2024-04-29 00:18:25.389000
4733000,5.2279,0,2024-04-29 00:18:25.389000
4732000,6.6658,0,2024-04-29 00:18:25.389000
4738000,3.5445,1,2024-04-29 00:18:25.389000
4740000,0.005,1,2024-04-29 00:18:25.389000
4741000,3.6887,1,2024-04-29 00:18:25.389000
4742000,3.6312,1,2024-04-29 00:18:25.389000
4744000,21.3309,1,2024-04-29 00:18:25.389000
4737000,0.2736,0,2024-04-29 00:18:30.616000
4736000,23.0288,0,2024-04-29 00:18:30.616000
4735000,20.1065,0,2024-04-29 00:18:30.616000
4734000,8.8228,0,2024-04-29 00:18:30.616000
4733000,1.8097,0,2024-04-29 00:18:30.616000
4738000,3.5445,1,2024-04-29 00:18:30.616000
4740000,0.005,1,2024-04-29 00:18:30.616000
4741000,0.1287,1,2024-04-29 00:18:30.616000
4742000,3.6312,1,2024-04-29 00:18:30.616000
4744000,19.5609,1,2024-04-29 00:18:30.616000
4738000,3.5769,0,2024-04-29 00:18:35.843000
4737000,3.8209,0,2024-04-29 00:18:35.843000
4736000,22.6327,0,2024-04-29 00:18:35.843000
4735000,16.0,0,2024-04-29 00:18:35.843000
4734000,1.0561,0,2024-04-29 00:18:35.843000
4740000,0.005,1,2024-04-29 00:18:35.843000
4741000,0.1287,1,2024-04-29 00:18:35.843000
4742000,0.004,1,2024-04-29 00:18:35.843000
4743000,3.6982,1,2024-04-29 00:18:35.843000
4744000,12.5823,1,2024-04-29 00:18:35.843000
4738000,3.1755,0,2024-04-29 00:18:41.065000
4737000,7.2401,0,2024-04-29 00:18:41.065000
4736000,17.6654,0,2024-04-29 00:18:41.065000
4735000,16.0,0,2024-04-29 00:18:41.065000
4734000,4.9169,0,2024-04-29 00:18:41.065000
4740000,0.5043,1,2024-04-29 00:18:41.065000
4741000,0.1287,1,2024-04-29 00:18:41.065000
4742000,0.004,1,2024-04-29 00:18:41.065000
4744000,0.1493,1,2024-04-29 00:18:41.065000
4745000,18.9856,1,2024-04-29 00:18:41.065000
4738000,19.7491,0,2024-04-29 00:18:46.291000
4737000,6.6665,0,2024-04-29 00:18:46.291000
4736000,5.2254,0,2024-04-29 00:18:46.291000
4735000,1.3355,0,2024-04-29 00:18:46.291000
4734000,1.0211,0,2024-04-29 00:18:46.291000
4739000,2.9916,1,2024-04-29 00:18:46.291000
4740000,0.5043,1,2024-04-29 00:18:46.291000
4741000,0.1287,1,2024-04-29 00:18:46.291000
4742000,0.004,1,2024-04-29 00:18:46.291000
4744000,0.1493,1,2024-04-29 00:18:46.291000
4740000,5.1223,0,2024-04-29 00:18:51.586000
4739000,10.3206,0,2024-04-29 00:18:51.586000
4738000,15.1751,0,2024-04-29 00:18:51.586000
4737000,1.3358,0,2024-04-29 00:18:51.586000
4736000,6.9604,0,2024-04-29 00:18:51.586000
4741000,0.0,1,2024-04-29 00:18:51.586000
4742000,0.004,1,2024-04-29 00:18:51.586000
4745000,3.56,1,2024-04-29 00:18:51.586000
4746000,0.1509,1,2024-04-29 00:18:51.586000
4747000,3.561,1,2024-04-29 00:18:51.586000
4740000,11.2284,0,2024-04-29 00:18:56.844000
4739000,1.6545,0,2024-04-29 00:18:56.844000
4738000,15.1751,0,2024-04-29 00:18:56.844000
4737000,4.8958,0,2024-04-29 00:18:56.844000
4736000,6.9604,0,2024-04-29 00:18:56.844000
4741000,0.0,1,2024-04-29 00:18:56.844000
4742000,0.004,1,2024-04-29 00:18:56.844000
4746000,0.1509,1,2024-04-29 00:18:56.844000
4747000,18.561,1,2024-04-29 00:18:56.844000
4748000,6.3271,1,2024-04-29 00:18:56.844000
4741000,10.0417,0,2024-04-29 00:19:02.105000
4740000,2.1162,0,2024-04-29 00:19:02.105000
4739000,5.9747,0,2024-04-29 00:19:02.105000
4738000,15.5104,0,2024-04-29 00:19:02.105000
4737000,4.56,0,2024-04-29 00:19:02.105000
4742000,0.004,1,2024-04-29 00:19:02.105000
4744000,3.56,1,2024-04-29 00:19:02.105000
4746000,3.7109,1,2024-04-29 00:19:02.105000
4747000,15.001,1,2024-04-29 00:19:02.105000
4748000,11.2117,1,2024-04-29 00:19:02.105000
4742000,2.4133,0,2024-04-29 00:19:07.329000
4741000,8.1907,0,2024-04-29 00:19:07.329000
4740000,19.5705,0,2024-04-29 00:19:07.329000
4739000,2.4147,0,2024-04-29 00:19:07.329000
4738000,15.5104,0,2024-04-29 00:19:07.329000
4744000,3.1456,1,2024-04-29 00:19:07.329000
4746000,3.7109,1,2024-04-29 00:19:07.329000
4747000,15.1032,1,2024-04-29 00:19:07.329000
4748000,11.2117,1,2024-04-29 00:19:07.329000
4749000,4.44,1,2024-04-29 00:19:07.329000
4742000,8.508,0,2024-04-29 00:19:12.553000
4741000,1.1903,0,2024-04-29 00:19:12.553000
4740000,18.1162,0,2024-04-29 00:19:12.553000
4739000,2.4146,0,2024-04-29 00:19:12.553000
4738000,19.0704,0,2024-04-29 00:19:12.553000
4745000,3.56,1,2024-04-29 00:19:12.553000
4746000,1.6056,1,2024-04-29 00:19:12.553000
4747000,18.6632,1,2024-04-29 00:19:12.553000
4748000,5.8817,1,2024-04-29 00:19:12.553000
4749000,4.44,1,2024-04-29 00:19:12.553000
4742000,8.4968,0,2024-04-29 00:19:17.792000
4741000,1.1903,0,2024-04-29 00:19:17.792000
4740000,18.1162,0,2024-04-29 00:19:17.792000
4739000,2.4146,0,2024-04-29 00:19:17.792000
4738000,19.0704,0,2024-04-29 00:19:17.792000
4744000,3.0,1,2024-04-29 00:19:17.792000
4745000,3.57,1,2024-04-29 00:19:17.792000
4747000,18.6632,1,2024-04-29 00:19:17.792000
4748000,5.8817,1,2024-04-29 00:19:17.792000
4749000,4.44,1,2024-04-29 00:19:17.792000
4742000,8.4968,0,2024-04-29 00:19:23.021000
4741000,1.1903,0,2024-04-29 00:19:23.021000
4740000,16.0105,0,2024-04-29 00:19:23.021000
4739000,0.2091,0,2024-04-29 00:19:23.021000
4738000,0.1751,0,2024-04-29 00:19:23.021000
4744000,3.0,1,2024-04-29 00:19:23.021000
4745000,1.6156,1,2024-04-29 00:19:23.021000
4746000,3.56,1,2024-04-29 00:19:23.021000
4747000,18.1032,1,2024-04-29 00:19:23.021000
4748000,13.7523,1,2024-04-29 00:19:23.021000
4742000,8.4947,0,2024-04-29 00:19:28.254000
4741000,1.1903,0,2024-04-29 00:19:28.254000
4740000,16.0105,0,2024-04-29 00:19:28.254000
4739000,0.2091,0,2024-04-29 00:19:28.254000
4738000,3.7351,0,2024-04-29 00:19:28.254000
4743000,3.56,1,2024-04-29 00:19:28.254000
4744000,6.56,1,2024-04-29 00:19:28.254000
4745000,0.01,1,2024-04-29 00:19:28.254000
4747000,18.1032,1,2024-04-29 00:19:28.254000
4748000,13.7523,1,2024-04-29 00:19:28.254000
4742000,5.4947,0,2024-04-29 00:19:33.472000
4741000,1.1903,0,2024-04-29 00:19:33.472000
4740000,16.0105,0,2024-04-29 00:19:33.472000
4739000,0.2091,0,2024-04-29 00:19:33.472000
4738000,3.7351,0,2024-04-29 00:19:33.472000
4743000,3.56,1,2024-04-29 00:19:33.472000
4744000,6.56,1,2024-04-29 00:19:33.472000
4745000,0.01,1,2024-04-29 00:19:33.472000
4747000,18.1032,1,2024-04-29 00:19:33.472000
4748000,13.7523,1,2024-04-29 00:19:33.472000
4742000,5.4947,0,2024-04-29 00:19:38.710000
4741000,0.0413,0,2024-04-29 00:19:38.710000
4740000,16.0105,0,2024-04-29 00:19:38.710000
4739000,0.2091,0,2024-04-29 00:19:38.710000
4738000,3.56,0,2024-04-29 00:19:38.710000
4743000,3.56,1,2024-04-29 00:19:38.710000
4744000,3.56,1,2024-04-29 00:19:38.710000
4745000,0.01,1,2024-04-29 00:19:38.710000
4747000,18.1032,1,2024-04-29 00:19:38.710000
4748000,13.7523,1,2024-04-29 00:19:38.710000
4741000,0.0413,0,2024-04-29 00:19:43.935000
4740000,16.0105,0,2024-04-29 00:19:43.935000
4739000,2.3148,0,2024-04-29 00:19:43.935000
4738000,3.56,0,2024-04-29 00:19:43.935000
4737000,17.206,0,2024-04-29 00:19:43.935000
4743000,5.0652,1,2024-04-29 00:19:43.935000
4744000,3.56,1,2024-04-29 00:19:43.935000
4745000,0.01,1,2024-04-29 00:19:43.935000
4747000,18.1032,1,2024-04-29 00:19:43.935000
4748000,13.7523,1,2024-04-29 00:19:43.935000
4741000,0.0413,0,2024-04-29 00:19:49.197000
4740000,36.6762,0,2024-04-29 00:19:49.197000
4739000,0.2091,0,2024-04-29 00:19:49.197000
4738000,4.7656,0,2024-04-29 00:19:49.197000
4737000,1.3359,0,2024-04-29 00:19:49.197000
4742000,3.0,1,2024-04-29 00:19:49.197000
4743000,1.5052,1,2024-04-29 00:19:49.197000
4745000,1.6414,1,2024-04-29 00:19:49.197000
4747000,0.1032,1,2024-04-29 00:19:49.197000
4748000,11.2117,1,2024-04-29 00:19:49.197000
4741000,0.0,0,2024-04-29 00:19:54.423000
4740000,33.1162,0,2024-04-29 00:19:54.423000
4739000,1.4145,0,2024-04-29 00:19:54.423000
4738000,4.8956,0,2024-04-29 00:19:54.423000
4737000,1.0,0,2024-04-29 00:19:54.423000
4742000,3.4361,1,2024-04-29 00:19:54.423000
4745000,3.57,1,2024-04-29 00:19:54.423000
4747000,3.6632,1,2024-04-29 00:19:54.423000
4748000,20.8817,1,2024-04-29 00:19:54.423000
4749000,4.438,1,2024-04-29 00:19:54.423000
4741000,0.0,0,2024-04-29 00:19:59.716000
4740000,33.1162,0,2024-04-29 00:19:59.716000
4739000,1.4145,0,2024-04-29 00:19:59.716000
