price,quantity,type,timestamp
90974000,0.0052,0,2024-04-29 00:00:02.910000
90972000,0.0406,0,2024-04-29 00:00:02.910000
90967000,0.0001,0,2024-04-29 00:00:02.910000
90965000,0.0002,0,2024-04-29 00:00:02.910000
90961000,0.0002,0,2024-04-29 00:00:02.910000
90975000,0.002,1,2024-04-29 00:00:02.910000
91011000,1.868,1,2024-04-29 00:00:02.910000
91013000,0.0891,1,2024-04-29 00:00:02.910000
91014000,0.0213,1,2024-04-29 00:00:02.910000
91017000,0.0307,1,2024-04-29 00:00:02.910000
90975000,0.0062,0,2024-04-29 00:00:08.157000
90974000,0.0085,0,2024-04-29 00:00:08.157000
90972000,0.0406,0,2024-04-29 00:00:08.157000
90967000,0.0001,0,2024-04-29 00:00:08.157000
90965000,0.0002,0,2024-04-29 00:00:08.157000
90998000,0.0483,1,2024-04-29 00:00:08.157000
90999000,0.0408,1,2024-04-29 00:00:08.157000
91001000,0.0211,1,2024-04-29 00:00:08.157000
91005000,0.0941,1,2024-04-29 00:00:08.157000
91007000,0.0672,1,2024-04-29 00:00:08.157000
90975000,0.0042,0,2024-04-29 00:00:13.394000
90974000,0.0085,0,2024-04-29 00:00:13.394000
90972000,0.0406,0,2024-04-29 00:00:13.394000
90967000,0.0001,0,2024-04-29 00:00:13.394000
90965000,0.0002,0,2024-04-29 00:00:13.394000
90997000,0.002,1,2024-04-29 00:00:13.394000
90998000,0.0053,1,2024-04-29 00:00:13.394000
90999000,0.0408,1,2024-04-29 00:00:13.394000
91001000,0.1308,1,2024-04-29 00:00:13.394000
91005000,0.0535,1,2024-04-29 00:00:13.394000
90975000,0.0695,0,2024-04-29 00:00:18.614000
90974000,0.0085,0,2024-04-29 00:00:18.614000
90972000,0.0406,0,2024-04-29 00:00:18.614000
90967000,0.0001,0,2024-04-29 00:00:18.614000
90965000,0.0002,0,2024-04-29 00:00:18.614000
91001000,0.0963,1,2024-04-29 00:00:18.614000
91005000,0.0535,1,2024-04-29 00:00:18.614000
91007000,0.0672,1,2024-04-29 00:00:18.614000
91009000,0.028,1,2024-04-29 00:00:18.614000
91011000,1.7563,1,2024-04-29 00:00:18.614000
90975000,0.065,0,2024-04-29 00:00:23.834000
90974000,0.0085,0,2024-04-29 00:00:23.834000
90972000,0.0406,0,2024-04-29 00:00:23.834000
90967000,0.0001,0,2024-04-29 00:00:23.834000
90965000,0.0002,0,2024-04-29 00:00:23.834000
91005000,0.0125,1,2024-04-29 00:00:23.834000
91007000,0.0672,1,2024-04-29 00:00:23.834000
91009000,0.028,1,2024-04-29 00:00:23.834000
91011000,0.8563,1,2024-04-29 00:00:23.834000
91014000,0.0002,1,2024-04-29 00:00:23.834000
90977000,0.0054,0,2024-04-29 00:00:29.143000
90976000,0.0001,0,2024-04-29 00:00:29.143000
90975000,0.0595,0,2024-04-29 00:00:29.143000
90974000,0.0085,0,2024-04-29 00:00:29.143000
90972000,0.0406,0,2024-04-29 00:00:29.143000
91007000,0.0367,1,2024-04-29 00:00:29.143000
91009000,0.928,1,2024-04-29 00:00:29.143000
91011000,0.8264,1,2024-04-29 00:00:29.143000
91014000,0.0002,1,2024-04-29 00:00:29.143000
91018000,0.0629,1,2024-04-29 00:00:29.143000
90979000,0.0064,0,2024-04-29 00:00:34.368000
90978000,0.001,0,2024-04-29 00:00:34.368000
90977000,0.0001,0,2024-04-29 00:00:34.368000
90975000,0.0815,0,2024-04-29 00:00:34.368000
90974000,0.0085,0,2024-04-29 00:00:34.368000
91007000,0.0217,1,2024-04-29 00:00:34.368000
91011000,0.8264,1,2024-04-29 00:00:34.368000
91014000,0.0002,1,2024-04-29 00:00:34.368000
91018000,0.0629,1,2024-04-29 00:00:34.368000
91021000,1.2207,1,2024-04-29 00:00:34.368000
90980000,0.001,0,2024-04-29 00:00:39.610000
90979000,0.0022,0,2024-04-29 00:00:39.610000
90975000,0.0815,0,2024-04-29 00:00:39.610000
90974000,0.0085,0,2024-04-29 00:00:39.610000
90972000,0.0406,0,2024-04-29 00:00:39.610000
91011000,0.8051,1,2024-04-29 00:00:39.610000
91014000,0.0002,1,2024-04-29 00:00:39.610000
91018000,0.0629,1,2024-04-29 00:00:39.610000
91021000,1.2207,1,2024-04-29 00:00:39.610000
91026000,0.1097,1,2024-04-29 00:00:39.610000
90974000,0.0073,0,2024-04-29 00:00:44.882000
90972000,0.0406,0,2024-04-29 00:00:44.882000
90967000,0.0001,0,2024-04-29 00:00:44.882000
90965000,0.0002,0,2024-04-29 00:00:44.882000
90960000,0.0003,0,2024-04-29 00:00:44.882000
90980000,0.0075,1,2024-04-29 00:00:44.882000
91011000,0.8051,1,2024-04-29 00:00:44.882000
91014000,0.0002,1,2024-04-29 00:00:44.882000
91018000,0.0629,1,2024-04-29 00:00:44.882000
91021000,1.2207,1,2024-04-29 00:00:44.882000
90974000,0.0053,0,2024-04-29 00:00:50.113000
90972000,0.0406,0,2024-04-29 00:00:50.113000
90967000,0.0001,0,2024-04-29 00:00:50.113000
90965000,0.0002,0,2024-04-29 00:00:50.113000
90960000,0.0003,0,2024-04-29 00:00:50.113000
90979000,0.0055,1,2024-04-29 00:00:50.113000
91011000,0.8051,1,2024-04-29 00:00:50.113000
91014000,0.0002,1,2024-04-29 00:00:50.113000
91018000,0.0629,1,2024-04-29 00:00:50.113000
91021000,1.2207,1,2024-04-29 00:00:50.113000
90974000,0.0053,0,2024-04-29 00:00:55.379000
90972000,0.0406,0,2024-04-29 00:00:55.379000
90967000,0.0001,0,2024-04-29 00:00:55.379000
90965000,0.0002,0,2024-04-29 00:00:55.379000
90960000,0.0003,0,2024-04-29 00:00:55.379000
90978000,0.0055,1,2024-04-29 00:00:55.379000
91011000,0.8051,1,2024-04-29 00:00:55.379000
91014000,0.0002,1,2024-04-29 00:00:55.379000
91018000,0.0629,1,2024-04-29 00:00:55.379000
91021000,1.2207,1,2024-04-29 00:00:55.379000
90975000,0.001,0,2024-04-29 00:01:00.632000
90974000,0.0053,0,2024-04-29 00:01:00.632000
90972000,0.0406,0,2024-04-29 00:01:00.632000
90967000,0.0001,0,2024-04-29 00:01:00.632000
90965000,0.0002,0,2024-04-29 00:01:00.632000
90977000,0.0055,1,2024-04-29 00:01:00.632000
91010000,0.1097,1,2024-04-29 00:01:00.632000
91011000,0.8051,1,2024-04-29 00:01:00.632000
91014000,0.0002,1,2024-04-29 00:01:00.632000
91018000,0.0629,1,2024-04-29 00:01:00.632000
90975000,0.001,0,2024-04-29 00:01:05.876000
90974000,0.0053,0,2024-04-29 00:01:05.876000
90972000,0.0406,0,2024-04-29 00:01:05.876000
90967000,0.0001,0,2024-04-29 00:01:05.876000
90965000,0.0002,0,2024-04-29 00:01:05.876000
90977000,0.0055,1,2024-04-29 00:01:05.876000
91011000,0.8051,1,2024-04-29 00:01:05.876000
91014000,0.0002,1,2024-04-29 00:01:05.876000
91017000,0.1097,1,2024-04-29 00:01:05.876000
91018000,0.0629,1,2024-04-29 00:01:05.876000
90975000,0.0047,0,2024-04-29 00:01:11.109000
90974000,0.0055,0,2024-04-29 00:01:11.109000
90972000,0.0406,0,2024-04-29 00:01:11.109000
90965000,0.0002,0,2024-04-29 00:01:11.109000
90960000,0.0003,0,2024-04-29 00:01:11.109000
91010000,0.002,1,2024-04-29 00:01:11.109000
91011000,0.7677,1,2024-04-29 00:01:11.109000
91014000,0.0002,1,2024-04-29 00:01:11.109000
91021000,0.0067,1,2024-04-29 00:01:11.109000
91023000,0.1097,1,2024-04-29 00:01:11.109000
90972000,0.0329,0,2024-04-29 00:01:16.346000
90965000,0.0002,0,2024-04-29 00:01:16.346000
90960000,0.0003,0,2024-04-29 00:01:16.346000
90953000,0.0643,0,2024-04-29 00:01:16.346000
90952000,0.3142,0,2024-04-29 00:01:16.346000
90975000,0.0001,1,2024-04-29 00:01:16.346000
91009000,0.0075,1,2024-04-29 00:01:16.346000
91011000,0.7676,1,2024-04-29 00:01:16.346000
91014000,0.0002,1,2024-04-29 00:01:16.346000
91021000,0.0067,1,2024-04-29 00:01:16.346000
90972000,0.0323,0,2024-04-29 00:01:21.573000
90965000,0.0002,0,2024-04-29 00:01:21.573000
90960000,0.0003,0,2024-04-29 00:01:21.573000
90953000,0.0637,0,2024-04-29 00:01:21.573000
90952000,0.3142,0,2024-04-29 00:01:21.573000
90974000,0.0055,1,2024-04-29 00:01:21.573000
90975000,0.0001,1,2024-04-29 00:01:21.573000
91011000,0.7676,1,2024-04-29 00:01:21.573000
91012000,0.1097,1,2024-04-29 00:01:21.573000
91014000,0.0002,1,2024-04-29 00:01:21.573000
90972000,0.0323,0,2024-04-29 00:01:26.802000
90965000,0.0002,0,2024-04-29 00:01:26.802000
90960000,0.0003,0,2024-04-29 00:01:26.802000
90953000,0.0637,0,2024-04-29 00:01:26.802000
90952000,0.3142,0,2024-04-29 00:01:26.802000
90973000,0.0075,1,2024-04-29 00:01:26.802000
90975000,0.0001,1,2024-04-29 00:01:26.802000
91011000,0.7676,1,2024-04-29 00:01:26.802000
91012000,0.1097,1,2024-04-29 00:01:26.802000
91014000,0.0002,1,2024-04-29 00:01:26.802000
90972000,0.0252,0,2024-04-29 00:01:32.027000
90965000,0.0002,0,2024-04-29 00:01:32.027000
90960000,0.0003,0,2024-04-29 00:01:32.027000
90952000,0.3142,0,2024-04-29 00:01:32.027000
90950000,0.0001,0,2024-04-29 00:01:32.027000
90973000,0.0075,1,2024-04-29 00:01:32.027000
90975000,0.0001,1,2024-04-29 00:01:32.027000
91011000,0.7676,1,2024-04-29 00:01:32.027000
91012000,0.1097,1,2024-04-29 00:01:32.027000
91014000,0.0002,1,2024-04-29 00:01:32.027000
90972000,0.0166,0,2024-04-29 00:01:37.243000
90965000,0.0002,0,2024-04-29 00:01:37.243000
90960000,0.0003,0,2024-04-29 00:01:37.243000
90952000,0.3142,0,2024-04-29 00:01:37.243000
90950000,0.1308,0,2024-04-29 00:01:37.243000
90973000,0.014,1,2024-04-29 00:01:37.243000
90975000,0.0001,1,2024-04-29 00:01:37.243000
91011000,0.7676,1,2024-04-29 00:01:37.243000
91012000,0.1097,1,2024-04-29 00:01:37.243000
91014000,0.0002,1,2024-04-29 00:01:37.243000
90974000,0.0064,0,2024-04-29 00:01:42.512000
90973000,0.001,0,2024-04-29 00:01:42.512000
90972000,0.0087,0,2024-04-29 00:01:42.512000
90971000,0.3142,0,2024-04-29 00:01:42.512000
90965000,0.0002,0,2024-04-29 00:01:42.512000
91011000,0.6958,1,2024-04-29 00:01:42.512000
91012000,0.1097,1,2024-04-29 00:01:42.512000
91014000,0.0002,1,2024-04-29 00:01:42.512000
91021000,0.0067,1,2024-04-29 00:01:42.512000
91035000,0.0001,1,2024-04-29 00:01:42.512000
90976000,0.001,0,2024-04-29 00:01:47.827000
90975000,0.036,0,2024-04-29 00:01:47.827000
90974000,0.0001,0,2024-04-29 00:01:47.827000
90972000,0.0085,0,2024-04-29 00:01:47.827000
90971000,0.3142,0,2024-04-29 00:01:47.827000
91011000,0.6534,1,2024-04-29 00:01:47.827000
91014000,0.0002,1,2024-04-29 00:01:47.827000
91021000,0.0067,1,2024-04-29 00:01:47.827000
91029000,0.1097,1,2024-04-29 00:01:47.827000
91035000,0.0001,1,2024-04-29 00:01:47.827000
90976000,0.001,0,2024-04-29 00:01:53.043000
90975000,0.0336,0,2024-04-29 00:01:53.043000
90972000,0.0085,0,2024-04-29 00:01:53.043000
90971000,0.3142,0,2024-04-29 00:01:53.043000
90965000,0.0002,0,2024-04-29 00:01:53.043000
91011000,0.5901,1,2024-04-29 00:01:53.043000
91014000,0.0002,1,2024-04-29 00:01:53.043000
91021000,0.0067,1,2024-04-29 00:01:53.043000
91029000,0.1097,1,2024-04-29 00:01:53.043000
91035000,0.0001,1,2024-04-29 00:01:53.043000
90977000,0.0012,0,2024-04-29 00:01:58.263000
90975000,0.0336,0,2024-04-29 00:01:58.263000
90972000,0.0582,0,2024-04-29 00:01:58.263000
90971000,0.3142,0,2024-04-29 00:01:58.263000
90965000,0.0002,0,2024-04-29 00:01:58.263000
91011000,0.5901,1,2024-04-29 00:01:58.263000
91014000,0.0002,1,2024-04-29 00:01:58.263000
91021000,0.0067,1,2024-04-29 00:01:58.263000
91029000,0.1097,1,2024-04-29 00:01:58.263000
91035000,0.0001,1,2024-04-29 00:01:58.263000
90979000,0.0009,0,2024-04-29 00:02:03.504000
90977000,0.0012,0,2024-04-29 00:02:03.504000
90972000,0.0582,0,2024-04-29 00:02:03.504000
90971000,0.3142,0,2024-04-29 00:02:03.504000
90969000,0.1307,0,2024-04-29 00:02:03.504000
91011000,0.538,1,2024-04-29 00:02:03.504000
91012000,0.1097,1,2024-04-29 00:02:03.504000
91014000,0.0002,1,2024-04-29 00:02:03.504000
91021000,0.0067,1,2024-04-29 00:02:03.504000
91035000,0.0001,1,2024-04-29 00:02:03.504000
90981000,0.1317,0,2024-04-29 00:02:08.745000
90980000,0.001,0,2024-04-29 00:02:08.745000
90979000,0.0009,0,2024-04-29 00:02:08.745000
90978000,0.0886,0,2024-04-29 00:02:08.745000
90977000,0.0012,0,2024-04-29 00:02:08.745000
91010000,0.0055,1,2024-04-29 00:02:08.745000
91011000,0.5325,1,2024-04-29 00:02:08.745000
91014000,0.0002,1,2024-04-29 00:02:08.745000
91021000,0.0067,1,2024-04-29 00:02:08.745000
91035000,0.0001,1,2024-04-29 00:02:08.745000
90985000,0.0323,0,2024-04-29 00:02:14.002000
90983000,0.001,0,2024-04-29 00:02:14.002000
90982000,0.001,0,2024-04-29 00:02:14.002000
90981000,0.1307,0,2024-04-29 00:02:14.002000
90978000,0.0888,0,2024-04-29 00:02:14.002000
91010000,0.0055,1,2024-04-29 00:02:14.002000
91011000,0.5325,1,2024-04-29 00:02:14.002000
91014000,0.0002,1,2024-04-29 00:02:14.002000
91021000,0.0067,1,2024-04-29 00:02:14.002000
91035000,0.0001,1,2024-04-29 00:02:14.002000
90986000,0.001,0,2024-04-29 00:02:19.245000
90985000,0.0026,0,2024-04-29 00:02:19.245000
90981000,0.1307,0,2024-04-29 00:02:19.245000
90978000,0.0888,0,2024-04-29 00:02:19.245000
90977000,0.0012,0,2024-04-29 00:02:19.245000
91010000,0.0055,1,2024-04-29 00:02:19.245000
91011000,0.5325,1,2024-04-29 00:02:19.245000
91014000,0.0002,1,2024-04-29 00:02:19.245000
91021000,0.0067,1,2024-04-29 00:02:19.245000
91035000,0.0001,1,2024-04-29 00:02:19.245000
90988000,0.001,0,2024-04-29 00:02:24.463000
90987000,0.0004,0,2024-04-29 00:02:24.463000
90986000,0.3844,0,2024-04-29 00:02:24.463000
90985000,0.0026,0,2024-04-29 00:02:24.463000
90981000,0.1307,0,2024-04-29 00:02:24.463000
91010000,0.0055,1,2024-04-29 00:02:24.463000
91011000,0.5325,1,2024-04-29 00:02:24.463000
91014000,0.0002,1,2024-04-29 00:02:24.463000
91021000,0.0067,1,2024-04-29 00:02:24.463000
91035000,0.0001,1,2024-04-29 00:02:24.463000
90991000,0.1361,0,2024-04-29 00:02:29.700000
90989000,0.001,0,2024-04-29 00:02:29.700000
90988000,0.0898,0,2024-04-29 00:02:29.700000
90987000,0.0004,0,2024-04-29 00:02:29.700000
90986000,0.3844,0,2024-04-29 00:02:29.700000
91011000,0.495,1,2024-04-29 00:02:29.700000
91014000,0.0002,1,2024-04-29 00:02:29.700000
91021000,0.0067,1,2024-04-29 00:02:29.700000
91035000,0.0001,1,2024-04-29 00:02:29.700000
91045000,0.0015,1,2024-04-29 00:02:29.700000
90993000,0.001,0,2024-04-29 00:02:34.935000
90992000,0.0073,0,2024-04-29 00:02:34.935000
90991000,0.0001,0,2024-04-29 00:02:34.935000
90988000,0.0002,0,2024-04-29 00:02:34.935000
90986000,0.3844,0,2024-04-29 00:02:34.935000
91011000,0.495,1,2024-04-29 00:02:34.935000
91014000,0.0002,1,2024-04-29 00:02:34.935000
91021000,0.0067,1,2024-04-29 00:02:34.935000
91035000,0.0001,1,2024-04-29 00:02:34.935000
91044000,0.0079,1,2024-04-29 00:02:34.935000
90994000,0.001,0,2024-04-29 00:02:40.215000
90993000,0.0002,0,2024-04-29 00:02:40.215000
90988000,0.0002,0,2024-04-29 00:02:40.215000
90986000,0.3844,0,2024-04-29 00:02:40.215000
90985000,0.0026,0,2024-04-29 00:02:40.215000
91010000,0.0007,1,2024-04-29 00:02:40.215000
91011000,0.456,1,2024-04-29 00:02:40.215000
91014000,0.0002,1,2024-04-29 00:02:40.215000
91021000,0.0067,1,2024-04-29 00:02:40.215000
91035000,0.0001,1,2024-04-29 00:02:40.215000
91002000,0.001,0,2024-04-29 00:02:45.441000
91001000,0.1246,0,2024-04-29 00:02:45.441000
90998000,0.0886,0,2024-04-29 00:02:45.441000
90994000,0.0002,0,2024-04-29 00:02:45.441000
90993000,0.0306,0,2024-04-29 00:02:45.441000
91010000,0.0007,1,2024-04-29 00:02:45.441000
91011000,0.456,1,2024-04-29 00:02:45.441000
91014000,0.0002,1,2024-04-29 00:02:45.441000
91021000,0.0067,1,2024-04-29 00:02:45.441000
91035000,0.0001,1,2024-04-29 00:02:45.441000
91015000,0.001,0,2024-04-29 00:02:50.722000
91014000,0.202,0,2024-04-29 00:02:50.722000
91012000,0.003,0,2024-04-29 00:02:50.722000
91009000,0.0886,0,2024-04-29 00:02:50.722000
91004000,0.0306,0,2024-04-29 00:02:50.722000
91021000,0.0067,1,2024-04-29 00:02:50.722000
91035000,0.0001,1,2024-04-29 00:02:50.722000
91045000,0.0015,1,2024-04-29 00:02:50.722000
91050000,0.0002,1,2024-04-29 00:02:50.722000
91067000,0.0036,1,2024-04-29 00:02:50.722000
91022000,0.0011,0,2024-04-29 00:02:55.964000
91021000,0.2097,0,2024-04-29 00:02:55.964000
91013000,0.0002,0,2024-04-29 00:02:55.964000
91012000,0.0405,0,2024-04-29 00:02:55.964000
91009000,0.0886,0,2024-04-29 00:02:55.964000
91068000,0.0075,1,2024-04-29 00:02:55.964000
91072000,0.0524,1,2024-04-29 00:02:55.964000
91077000,0.314,1,2024-04-29 00:02:55.964000
91078000,0.0313,1,2024-04-29 00:02:55.964000
91081000,0.001,1,2024-04-29 00:02:55.964000
91023000,0.0029,0,2024-04-29 00:03:01.251000
91022000,0.0004,0,2024-04-29 00:03:01.251000
91021000,0.0028,0,2024-04-29 00:03:01.251000
91012000,0.0405,0,2024-04-29 00:03:01.251000
91009000,0.0886,0,2024-04-29 00:03:01.251000
91068000,0.0075,1,2024-04-29 00:03:01.251000
91072000,0.0524,1,2024-04-29 00:03:01.251000
91077000,0.314,1,2024-04-29 00:03:01.251000
91078000,0.0313,1,2024-04-29 00:03:01.251000
91081000,0.1107,1,2024-04-29 00:03:01.251000
91025000,0.1928,0,2024-04-29 00:03:06.494000
91024000,0.0,0,2024-04-29 00:03:06.494000
91023000,0.0004,0,2024-04-29 00:03:06.494000
91013000,0.015,0,2024-04-29 00:03:06.494000
91012000,0.0405,0,2024-04-29 00:03:06.494000
91066000,0.0129,1,2024-04-29 00:03:06.494000
91072000,0.0524,1,2024-04-29 00:03:06.494000
91076000,0.0303,1,2024-04-29 00:03:06.494000
91077000,0.314,1,2024-04-29 00:03:06.494000
91078000,0.1107,1,2024-04-29 00:03:06.494000
91027000,0.001,0,2024-04-29 00:03:11.759000
91026000,0.0026,0,2024-04-29 00:03:11.759000
91025000,0.0001,0,2024-04-29 00:03:11.759000
91023000,0.0002,0,2024-04-29 00:03:11.759000
91000000,0.1059,0,2024-04-29 00:03:11.759000
91044000,0.0401,1,2024-04-29 00:03:11.759000
91047000,0.0297,1,2024-04-29 00:03:11.759000
91048000,0.0227,1,2024-04-29 00:03:11.759000
91053000,0.0303,1,2024-04-29 00:03:11.759000
91061000,0.0062,1,2024-04-29 00:03:11.759000
91000000,0.0858,0,2024-04-29 00:03:16.980000
90985000,0.0378,0,2024-04-29 00:03:16.980000
90984000,0.0482,0,2024-04-29 00:03:16.980000
90983000,0.0405,0,2024-04-29 00:03:16.980000
90980000,0.001,0,2024-04-29 00:03:16.980000
91025000,0.0327,1,2024-04-29 00:03:16.980000
91040000,0.0075,1,2024-04-29 00:03:16.980000
91045000,0.0297,1,2024-04-29 00:03:16.980000
91046000,0.0227,1,2024-04-29 00:03:16.980000
91050000,0.0303,1,2024-04-29 00:03:16.980000
91000000,0.0858,0,2024-04-29 00:03:22.237000
90985000,0.0408,0,2024-04-29 00:03:22.237000
90984000,0.048,0,2024-04-29 00:03:22.237000
90983000,0.0408,0,2024-04-29 00:03:22.237000
90980000,0.001,0,2024-04-29 00:03:22.237000
91024000,0.0327,1,2024-04-29 00:03:22.237000
91040000,0.0075,1,2024-04-29 00:03:22.237000
91042000,0.1097,1,2024-04-29 00:03:22.237000
91045000,0.0297,1,2024-04-29 00:03:22.237000
91046000,0.0227,1,2024-04-29 00:03:22.237000
91000000,0.086,0,2024-04-29 00:03:27.479000
90985000,0.0002,0,2024-04-29 00:03:27.479000
90980000,0.001,0,2024-04-29 00:03:27.479000
90977000,0.0028,0,2024-04-29 00:03:27.479000
90972000,0.0582,0,2024-04-29 00:03:27.479000
91021000,0.002,1,2024-04-29 00:03:27.479000
91022000,0.0327,1,2024-04-29 00:03:27.479000
91026000,0.0075,1,2024-04-29 00:03:27.479000
91031000,0.0524,1,2024-04-29 00:03:27.479000
91033000,0.1098,1,2024-04-29 00:03:27.479000
91024000,0.0,0,2024-04-29 00:03:32.716000
91000000,0.0513,0,2024-04-29 00:03:32.716000
90985000,0.0002,0,2024-04-29 00:03:32.716000
90980000,0.001,0,2024-04-29 00:03:32.716000
90977000,0.0028,0,2024-04-29 00:03:32.716000
91025000,0.1118,1,2024-04-29 00:03:32.716000
91026000,0.0075,1,2024-04-29 00:03:32.716000
91031000,0.0524,1,2024-04-29 00:03:32.716000
91036000,0.0303,1,2024-04-29 00:03:32.716000
91046000,0.9,1,2024-04-29 00:03:32.716000
91001000,0.0086,0,2024-04-29 00:03:37.985000
91000000,0.0513,0,2024-04-29 00:03:37.985000
90999000,0.0202,0,2024-04-29 00:03:37.985000
90985000,0.0002,0,2024-04-29 00:03:37.985000
90980000,0.001,0,2024-04-29 00:03:37.985000
91021000,0.0129,1,2024-04-29 00:03:37.985000
91025000,0.0544,1,2024-04-29 00:03:37.985000
91029000,0.1098,1,2024-04-29 00:03:37.985000
91031000,0.0303,1,2024-04-29 00:03:37.985000
91043000,0.0513,1,2024-04-29 00:03:37.985000
91000000,0.0491,0,2024-04-29 00:03:43.264000
90999000,0.0202,0,2024-04-29 00:03:43.264000
90985000,0.0088,0,2024-04-29 00:03:43.264000
90980000,0.001,0,2024-04-29 00:03:43.264000
90979000,0.001,0,2024-04-29 00:03:43.264000
91007000,0.013,1,2024-04-29 00:03:43.264000
91011000,0.0524,1,2024-04-29 00:03:43.264000
91017000,0.0303,1,2024-04-29 00:03:43.264000
91022000,0.1098,1,2024-04-29 00:03:43.264000
91042000,0.1226,1,2024-04-29 00:03:43.264000
90985000,0.0034,0,2024-04-29 00:03:48.484000
90980000,0.001,0,2024-04-29 00:03:48.484000
90979000,0.001,0,2024-04-29 00:03:48.484000
90977000,0.0028,0,2024-04-29 00:03:48.484000
90972000,0.0668,0,2024-04-29 00:03:48.484000
91005000,0.002,1,2024-04-29 00:03:48.484000
91006000,0.0055,1,2024-04-29 00:03:48.484000
91007000,0.0075,1,2024-04-29 00:03:48.484000
91011000,0.0524,1,2024-04-29 00:03:48.484000
91017000,0.0303,1,2024-04-29 00:03:48.484000
90980000,0.0009,0,2024-04-29 00:03:53.756000
90979000,0.001,0,2024-04-29 00:03:53.756000
90977000,0.0028,0,2024-04-29 00:03:53.756000
90972000,0.0668,0,2024-04-29 00:03:53.756000
90960000,0.0003,0,2024-04-29 00:03:53.756000
90984000,0.013,1,2024-04-29 00:03:53.756000
90988000,0.0227,1,2024-04-29 00:03:53.756000
90989000,0.0297,1,2024-04-29 00:03:53.756000
90990000,0.002,1,2024-04-29 00:03:53.756000
90994000,0.0303,1,2024-04-29 00:03:53.756000
90972000,0.0474,0,2024-04-29 00:03:58.984000
90960000,0.0003,0,2024-04-29 00:03:58.984000
90950000,0.0016,0,2024-04-29 00:03:58.984000
90949000,0.0133,0,2024-04-29 00:03:58.984000
90948000,0.0011,0,2024-04-29 00:03:58.984000
90980000,0.2156,1,2024-04-29 00:03:58.984000
90988000,0.002,1,2024-04-29 00:03:58.984000
90998000,0.0062,1,2024-04-29 00:03:58.984000
91007000,0.1097,1,2024-04-29 00:03:58.984000
91016000,0.314,1,2024-04-29 00:03:58.984000
90960000,0.0003,0,2024-04-29 00:04:04.210000
90950000,0.0016,0,2024-04-29 00:04:04.210000
90949000,0.0133,0,2024-04-29 00:04:04.210000
90948000,0.0011,0,2024-04-29 00:04:04.210000
90946000,0.0152,0,2024-04-29 00:04:04.210000
90966000,0.03,1,2024-04-29 00:04:04.210000
90975000,0.0055,1,2024-04-29 00:04:04.210000
90980000,0.2101,1,2024-04-29 00:04:04.210000
91007000,0.1097,1,2024-04-29 00:04:04.210000
91012000,0.001,1,2024-04-29 00:04:04.210000
90960000,0.0003,0,2024-04-29 00:04:09.484000
90950000,0.0019,0,2024-04-29 00:04:09.484000
90949000,0.0133,0,2024-04-29 00:04:09.484000
90948000,0.0011,0,2024-04-29 00:04:09.484000
90946000,0.0152,0,2024-04-29 00:04:09.484000
90966000,0.0353,1,2024-04-29 00:04:09.484000
90967000,0.0133,1,2024-04-29 00:04:09.484000
90980000,0.2101,1,2024-04-29 00:04:09.484000
90990000,1.0952,1,2024-04-29 00:04:09.484000
91003000,0.0549,1,2024-04-29 00:04:09.484000
90950000,0.0019,0,2024-04-29 00:04:14.737000
90949000,0.0133,0,2024-04-29 00:04:14.737000
90948000,0.0011,0,2024-04-29 00:04:14.737000
90946000,0.0152,0,2024-04-29 00:04:14.737000
90945000,0.0001,0,2024-04-29 00:04:14.737000
90960000,0.179,1,2024-04-29 00:04:14.737000
90964000,0.002,1,2024-04-29 00:04:14.737000
90980000,0.2101,1,2024-04-29 00:04:14.737000
90990000,1.0952,1,2024-04-29 00:04:14.737000
91003000,0.0549,1,2024-04-29 00:04:14.737000
90950000,0.0019,0,2024-04-29 00:04:19.983000
90949000,0.0136,0,2024-04-29 00:04:19.983000
90948000,0.0011,0,2024-04-29 00:04:19.983000
90945000,0.0001,0,2024-04-29 00:04:19.983000
90940000,0.0002,0,2024-04-29 00:04:19.983000
90959000,0.0075,1,2024-04-29 00:04:19.983000
90960000,0.1699,1,2024-04-29 00:04:19.983000
90970000,0.0298,1,2024-04-29 00:04:19.983000
90974000,0.0133,1,2024-04-29 00:04:19.983000
90980000,0.2101,1,2024-04-29 00:04:19.983000
90949000,0.0073,0,2024-04-29 00:04:25.234000
90948000,0.0011,0,2024-04-29 00:04:25.234000
90945000,0.0087,0,2024-04-29 00:04:25.234000
90940000,0.0002,0,2024-04-29 00:04:25.234000
90932000,0.0019,0,2024-04-29 00:04:25.234000
90950000,0.0344,1,2024-04-29 00:04:25.234000
90960000,0.1699,1,2024-04-29 00:04:25.234000
90970000,0.0298,1,2024-04-29 00:04:25.234000
90977000,0.0088,1,2024-04-29 00:04:25.234000
90980000,0.2101,1,2024-04-29 00:04:25.234000
90915000,0.0047,0,2024-04-29 00:04:30.568000
90913000,0.0068,0,2024-04-29 00:04:30.568000
90912000,0.0013,0,2024-04-29 00:04:30.568000
90910000,0.0001,0,2024-04-29 00:04:30.568000
90909000,0.0002,0,2024-04-29 00:04:30.568000
90949000,0.0085,1,2024-04-29 00:04:30.568000
90950000,0.0289,1,2024-04-29 00:04:30.568000
90960000,0.1701,1,2024-04-29 00:04:30.568000
90970000,0.0298,1,2024-04-29 00:04:30.568000
90977000,0.0085,1,2024-04-29 00:04:30.568000
90913000,0.006,0,2024-04-29 00:04:35.820000
90909000,0.0002,0,2024-04-29 00:04:35.820000
90905000,0.0016,0,2024-04-29 00:04:35.820000
90904000,0.1008,0,2024-04-29 00:04:35.820000
90903000,0.0001,0,2024-04-29 00:04:35.820000
90947000,0.002,1,2024-04-29 00:04:35.820000
90950000,0.0265,1,2024-04-29 00:04:35.820000
90960000,0.1701,1,2024-04-29 00:04:35.820000
90970000,0.0298,1,2024-04-29 00:04:35.820000
90977000,0.0085,1,2024-04-29 00:04:35.820000
90904000,0.0744,0,2024-04-29 00:04:41.045000
90903000,0.0001,0,2024-04-29 00:04:41.045000
90902000,0.2243,0,2024-04-29 00:04:41.045000
90901000,0.1549,0,2024-04-29 00:04:41.045000
90900000,0.0293,0,2024-04-29 00:04:41.045000
90946000,0.0075,1,2024-04-29 00:04:41.045000
90950000,0.0265,1,2024-04-29 00:04:41.045000
90960000,0.1776,1,2024-04-29 00:04:41.045000
90964000,0.0188,1,2024-04-29 00:04:41.045000
90970000,0.0298,1,2024-04-29 00:04:41.045000
90903000,0.0057,0,2024-04-29 00:04:46.265000
90902000,0.2243,0,2024-04-29 00:04:46.265000
90901000,0.1549,0,2024-04-29 00:04:46.265000
90900000,0.0293,0,2024-04-29 00:04:46.265000
90898000,0.0527,0,2024-04-29 00:04:46.265000
90948000,0.0747,1,2024-04-29 00:04:46.265000
90950000,0.0265,1,2024-04-29 00:04:46.265000
90960000,0.2152,1,2024-04-29 00:04:46.265000
90964000,0.0555,1,2024-04-29 00:04:46.265000
90970000,0.0303,1,2024-04-29 00:04:46.265000
90905000,0.1964,0,2024-04-29 00:04:51.495000
90903000,0.0001,0,2024-04-29 00:04:51.495000
90902000,0.0243,0,2024-04-29 00:04:51.495000
90901000,0.1547,0,2024-04-29 00:04:51.495000
90900000,0.0293,0,2024-04-29 00:04:51.495000
90936000,0.314,1,2024-04-29 00:04:51.495000
90948000,0.0747,1,2024-04-29 00:04:51.495000
90950000,0.0265,1,2024-04-29 00:04:51.495000
90960000,0.2152,1,2024-04-29 00:04:51.495000
90964000,0.0555,1,2024-04-29 00:04:51.495000
90907000,0.0022,0,2024-04-29 00:04:56.720000
90905000,0.0057,0,2024-04-29 00:04:56.720000
90903000,0.0001,0,2024-04-29 00:04:56.720000
90902000,0.0241,0,2024-04-29 00:04:56.720000
90901000,0.1547,0,2024-04-29 00:04:56.720000
90947000,0.0054,1,2024-04-29 00:04:56.720000
90948000,0.0747,1,2024-04-29 00:04:56.720000
90950000,0.0265,1,2024-04-29 00:04:56.720000
90960000,0.2152,1,2024-04-29 00:04:56.720000
90964000,0.0555,1,2024-04-29 00:04:56.720000
90909000,0.0011,0,2024-04-29 00:05:01.967000
90908000,0.2002,0,2024-04-29 00:05:01.967000
90907000,0.0021,0,2024-04-29 00:05:01.967000
90906000,0.0055,0,2024-04-29 00:05:01.967000
90905000,0.0057,0,2024-04-29 00:05:01.967000
90947000,0.0054,1,2024-04-29 00:05:01.967000
90948000,0.0747,1,2024-04-29 00:05:01.967000
90950000,0.0265,1,2024-04-29 00:05:01.967000
90960000,0.2152,1,2024-04-29 00:05:01.967000
90964000,0.0555,1,2024-04-29 00:05:01.967000
90910000,0.0011,0,2024-04-29 00:05:07.198000
90909000,0.0001,0,2024-04-29 00:05:07.198000
90908000,0.2002,0,2024-04-29 00:05:07.198000
90907000,0.0021,0,2024-04-29 00:05:07.198000
90906000,0.0055,0,2024-04-29 00:05:07.198000
90947000,0.0054,1,2024-04-29 00:05:07.198000
90948000,0.0747,1,2024-04-29 00:05:07.198000
90950000,0.0265,1,2024-04-29 00:05:07.198000
90955000,0.0451,1,2024-04-29 00:05:07.198000
90960000,0.2256,1,2024-04-29 00:05:07.198000
90911000,0.0012,0,2024-04-29 00:05:12.421000
90908000,0.2002,0,2024-04-29 00:05:12.421000
90907000,0.0021,0,2024-04-29 00:05:12.421000
90906000,0.0055,0,2024-04-29 00:05:12.421000
90905000,0.0057,0,2024-04-29 00:05:12.421000
90947000,0.0054,1,2024-04-29 00:05:12.421000
90948000,0.0747,1,2024-04-29 00:05:12.421000
90955000,0.0451,1,2024-04-29 00:05:12.421000
90960000,0.2256,1,2024-04-29 00:05:12.421000
90965000,0.0303,1,2024-04-29 00:05:12.421000
90913000,0.0021,0,2024-04-29 00:05:17.702000
90912000,0.0003,0,2024-04-29 00:05:17.702000
90911000,0.2,0,2024-04-29 00:05:17.702000
90907000,0.0021,0,2024-04-29 00:05:17.702000
90906000,0.0055,0,2024-04-29 00:05:17.702000
90947000,0.0054,1,2024-04-29 00:05:17.702000
90948000,0.0747,1,2024-04-29 00:05:17.702000
90950000,0.0001,1,2024-04-29 00:05:17.702000
90954000,0.1207,1,2024-04-29 00:05:17.702000
90955000,0.9,1,2024-04-29 00:05:17.702000
90914000,0.0019,0,2024-04-29 00:05:22.930000
90913000,0.0001,0,2024-04-29 00:05:22.930000
90912000,0.0002,0,2024-04-29 00:05:22.930000
90907000,0.0021,0,2024-04-29 00:05:22.930000
90906000,0.0055,0,2024-04-29 00:05:22.930000
90922000,0.0451,1,2024-04-29 00:05:22.930000
90927000,0.0555,1,2024-04-29 00:05:22.930000
90932000,0.0303,1,2024-04-29 00:05:22.930000
90936000,0.0062,1,2024-04-29 00:05:22.930000
90947000,0.1261,1,2024-04-29 00:05:22.930000
90915000,0.0011,0,2024-04-29 00:05:28.156000
90912000,0.0002,0,2024-04-29 00:05:28.156000
90907000,0.0021,0,2024-04-29 00:05:28.156000
90906000,0.0055,0,2024-04-29 00:05:28.156000
90905000,0.0055,0,2024-04-29 00:05:28.156000
90922000,0.0018,1,2024-04-29 00:05:28.156000
90927000,0.0555,1,2024-04-29 00:05:28.156000
90932000,0.0303,1,2024-04-29 00:05:28.156000
90947000,0.1261,1,2024-04-29 00:05:28.156000
90948000,0.0747,1,2024-04-29 00:05:28.156000
90907000,0.001,0,2024-04-29 00:05:33.377000
90906000,0.0055,0,2024-04-29 00:05:33.377000
90905000,0.0055,0,2024-04-29 00:05:33.377000
90903000,0.0001,0,2024-04-29 00:05:33.377000
90901000,0.0001,0,2024-04-29 00:05:33.377000
90921000,0.0074,1,2024-04-29 00:05:33.377000
90922000,0.0018,1,2024-04-29 00:05:33.377000
90927000,0.0555,1,2024-04-29 00:05:33.377000
90932000,0.0303,1,2024-04-29 00:05:33.377000
90943000,0.121,1,2024-04-29 00:05:33.377000
90907000,0.1015,0,2024-04-29 00:05:38.600000
90906000,0.001,0,2024-04-29 00:05:38.600000
90905000,0.0071,0,2024-04-29 00:05:38.600000
90903000,0.0001,0,2024-04-29 00:05:38.600000
90901000,0.0001,0,2024-04-29 00:05:38.600000
90917000,0.3196,1,2024-04-29 00:05:38.600000
90922000,0.0018,1,2024-04-29 00:05:38.600000
90927000,0.0555,1,2024-04-29 00:05:38.600000
90932000,0.0303,1,2024-04-29 00:05:38.600000
90945000,0.0062,1,2024-04-29 00:05:38.600000
90909000,0.001,0,2024-04-29 00:05:43.828000
90908000,0.001,0,2024-04-29 00:05:43.828000
90907000,0.089,0,2024-04-29 00:05:43.828000
90906000,0.001,0,2024-04-29 00:05:43.828000
90905000,0.0071,0,2024-04-29 00:05:43.828000
90916000,0.0056,1,2024-04-29 00:05:43.828000
90925000,0.0019,1,2024-04-29 00:05:43.828000
90930000,0.0555,1,2024-04-29 00:05:43.828000
90935000,0.0303,1,2024-04-29 00:05:43.828000
90947000,0.0054,1,2024-04-29 00:05:43.828000
90908000,0.001,0,2024-04-29 00:05:49.046000
90907000,0.089,0,2024-04-29 00:05:49.046000
90906000,0.0015,0,2024-04-29 00:05:49.046000
90905000,0.0071,0,2024-04-29 00:05:49.046000
90903000,0.0001,0,2024-04-29 00:05:49.046000
90916000,0.0056,1,2024-04-29 00:05:49.046000
90925000,0.0019,1,2024-04-29 00:05:49.046000
90930000,0.0555,1,2024-04-29 00:05:49.046000
90935000,0.0303,1,2024-04-29 00:05:49.046000
90947000,0.1262,1,2024-04-29 00:05:49.046000
90907000,0.089,0,2024-04-29 00:05:54.277000
90906000,0.0015,0,2024-04-29 00:05:54.277000
90905000,0.0071,0,2024-04-29 00:05:54.277000
90903000,0.0001,0,2024-04-29 00:05:54.277000
90901000,0.0001,0,2024-04-29 00:05:54.277000
90916000,0.0046,1,2024-04-29 00:05:54.277000
90925000,0.0019,1,2024-04-29 00:05:54.277000
90930000,0.0555,1,2024-04-29 00:05:54.277000
90935000,0.0303,1,2024-04-29 00:05:54.277000
90947000,0.0054,1,2024-04-29 00:05:54.277000
90909000,0.0001,0,2024-04-29 00:05:59.559000
90908000,0.0009,0,2024-04-29 00:05:59.559000
90907000,0.089,0,2024-04-29 00:05:59.559000
90906000,0.0015,0,2024-04-29 00:05:59.559000
90905000,0.0071,0,2024-04-29 00:05:59.559000
90916000,0.0037,1,2024-04-29 00:05:59.559000
90925000,0.0019,1,2024-04-29 00:05:59.559000
90930000,0.0555,1,2024-04-29 00:05:59.559000
90935000,0.0303,1,2024-04-29 00:05:59.559000
90947000,0.1262,1,2024-04-29 00:05:59.559000
90910000,0.001,0,2024-04-29 00:06:04.842000
90909000,0.0001,0,2024-04-29 00:06:04.842000
90908000,0.0009,0,2024-04-29 00:06:04.842000
90907000,0.089,0,2024-04-29 00:06:04.842000
90906000,0.0033,0,2024-04-29 00:06:04.842000
90916000,0.0037,1,2024-04-29 00:06:04.842000
90922000,0.0019,1,2024-04-29 00:06:04.842000
90927000,0.0228,1,2024-04-29 00:06:04.842000
90947000,0.1262,1,2024-04-29 00:06:04.842000
90948000,0.0747,1,2024-04-29 00:06:04.842000
90907000,0.0,0,2024-04-29 00:06:10.073000
90906000,0.0033,0,2024-04-29 00:06:10.073000
90905000,0.0071,0,2024-04-29 00:06:10.073000
90903000,0.0001,0,2024-04-29 00:06:10.073000
90901000,0.0001,0,2024-04-29 00:06:10.073000
90908000,0.0303,1,2024-04-29 00:06:10.073000
90915000,0.1207,1,2024-04-29 00:06:10.073000
90916000,0.0455,1,2024-04-29 00:06:10.073000
90947000,0.0054,1,2024-04-29 00:06:10.073000
90948000,0.9747,1,2024-04-29 00:06:10.073000
90882000,0.0013,0,2024-04-29 00:06:15.338000
90881000,0.0001,0,2024-04-29 00:06:15.338000
90880000,0.0003,0,2024-04-29 00:06:15.338000
90877000,0.0012,0,2024-04-29 00:06:15.338000
90876000,0.0001,0,2024-04-29 00:06:15.338000
90883000,0.0989,1,2024-04-29 00:06:15.338000
90908000,1.0952,1,2024-04-29 00:06:15.338000
90916000,0.9105,1,2024-04-29 00:06:15.338000
90919000,0.0546,1,2024-04-29 00:06:15.338000
90934000,0.0621,1,2024-04-29 00:06:15.338000
90882000,0.0013,0,2024-04-29 00:06:20.600000
90881000,0.0001,0,2024-04-29 00:06:20.600000
90880000,0.0003,0,2024-04-29 00:06:20.600000
90877000,0.0012,0,2024-04-29 00:06:20.600000
90876000,0.0001,0,2024-04-29 00:06:20.600000
90883000,0.0058,1,2024-04-29 00:06:20.600000
90915000,0.0679,1,2024-04-29 00:06:20.600000
90916000,0.0105,1,2024-04-29 00:06:20.600000
90931000,1.0952,1,2024-04-29 00:06:20.600000
90934000,0.0621,1,2024-04-29 00:06:20.600000
90881000,0.0001,0,2024-04-29 00:06:25.883000
90880000,0.0003,0,2024-04-29 00:06:25.883000
90877000,0.0012,0,2024-04-29 00:06:25.883000
90876000,0.0001,0,2024-04-29 00:06:25.883000
90873000,0.0001,0,2024-04-29 00:06:25.883000
90882000,0.0079,1,2024-04-29 00:06:25.883000
90883000,0.002,1,2024-04-29 00:06:25.883000
90915000,0.0679,1,2024-04-29 00:06:25.883000
90916000,0.0105,1,2024-04-29 00:06:25.883000
90922000,0.0062,1,2024-04-29 00:06:25.883000
90883000,0.0065,0,2024-04-29 00:06:31.103000
90882000,0.001,0,2024-04-29 00:06:31.103000
90881000,0.0003,0,2024-04-29 00:06:31.103000
90880000,0.0003,0,2024-04-29 00:06:31.103000
90877000,0.0012,0,2024-04-29 00:06:31.103000
90916000,0.0105,1,2024-04-29 00:06:31.103000
90930000,0.0447,1,2024-04-29 00:06:31.103000
90931000,1.0952,1,2024-04-29 00:06:31.103000
90946000,0.0556,1,2024-04-29 00:06:31.103000
90947000,0.0054,1,2024-04-29 00:06:31.103000
90891000,0.118,0,2024-04-29 00:06:36.367000
90890000,0.0551,0,2024-04-29 00:06:36.367000
90889000,0.035,0,2024-04-29 00:06:36.367000
90886000,0.0368,0,2024-04-29 00:06:36.367000
90885000,0.0619,0,2024-04-29 00:06:36.367000
90948000,0.0478,1,2024-04-29 00:06:36.367000
90950000,0.0002,1,2024-04-29 00:06:36.367000
90953000,1.0952,1,2024-04-29 00:06:36.367000
90960000,0.0002,1,2024-04-29 00:06:36.367000
90979000,0.9549,1,2024-04-29 00:06:36.367000
90891000,0.001,0,2024-04-29 00:06:41.592000
90890000,0.0133,0,2024-04-29 00:06:41.592000
90889000,0.0352,0,2024-04-29 00:06:41.592000
90887000,0.1206,0,2024-04-29 00:06:41.592000
90886000,0.0368,0,2024-04-29 00:06:41.592000
90942000,0.0365,1,2024-04-29 00:06:41.592000
90945000,0.0109,1,2024-04-29 00:06:41.592000
90948000,0.0478,1,2024-04-29 00:06:41.592000
90950000,0.0002,1,2024-04-29 00:06:41.592000
90959000,0.0352,1,2024-04-29 00:06:41.592000
90892000,0.001,0,2024-04-29 00:06:46.813000
90891000,0.1199,0,2024-04-29 00:06:46.813000
90890000,0.0332,0,2024-04-29 00:06:46.813000
90889000,0.0352,0,2024-04-29 00:06:46.813000
90886000,0.037,0,2024-04-29 00:06:46.813000
90942000,0.0001,1,2024-04-29 00:06:46.813000
90945000,0.022,1,2024-04-29 00:06:46.813000
90948000,0.0478,1,2024-04-29 00:06:46.813000
90950000,0.0002,1,2024-04-29 00:06:46.813000
90960000,0.0002,1,2024-04-29 00:06:46.813000
90914000,0.158,0,2024-04-29 00:06:52.037000
90913000,0.0349,0,2024-04-29 00:06:52.037000
90910000,0.0515,0,2024-04-29 00:06:52.037000
90909000,0.084,0,2024-04-29 00:06:52.037000
90908000,0.2188,0,2024-04-29 00:06:52.037000
90948000,0.0148,1,2024-04-29 00:06:52.037000
90950000,0.0002,1,2024-04-29 00:06:52.037000
90960000,0.0002,1,2024-04-29 00:06:52.037000
90967000,0.0001,1,2024-04-29 00:06:52.037000
90970000,0.0175,1,2024-04-29 00:06:52.037000
90945000,0.0058,0,2024-04-29 00:06:57.281000
90916000,0.001,0,2024-04-29 00:06:57.281000
90914000,0.0376,0,2024-04-29 00:06:57.281000
90913000,0.0349,0,2024-04-29 00:06:57.281000
90910000,0.0517,0,2024-04-29 00:06:57.281000
90948000,0.0148,1,2024-04-29 00:06:57.281000
90950000,0.0002,1,2024-04-29 00:06:57.281000
90960000,0.0002,1,2024-04-29 00:06:57.281000
90964000,0.314,1,2024-04-29 00:06:57.281000
90967000,0.0001,1,2024-04-29 00:06:57.281000
90914000,0.0376,0,2024-04-29 00:07:02.567000
90913000,0.0349,0,2024-04-29 00:07:02.567000
90910000,0.0517,0,2024-04-29 00:07:02.567000
90909000,0.1213,0,2024-04-29 00:07:02.567000
90908000,0.2189,0,2024-04-29 00:07:02.567000
90947000,0.0077,1,2024-04-29 00:07:02.567000
90948000,0.0148,1,2024-04-29 00:07:02.567000
90950000,0.0002,1,2024-04-29 00:07:02.567000
90960000,0.0002,1,2024-04-29 00:07:02.567000
90964000,0.314,1,2024-04-29 00:07:02.567000
90947000,0.063,0,2024-04-29 00:07:07.828000
90918000,0.0957,0,2024-04-29 00:07:07.828000
90917000,0.0494,0,2024-04-29 00:07:07.828000
90916000,0.0604,0,2024-04-29 00:07:07.828000
90914000,0.045,0,2024-04-29 00:07:07.828000
90965000,0.0001,1,2024-04-29 00:07:07.828000
90987000,0.314,1,2024-04-29 00:07:07.828000
90993000,0.1098,1,2024-04-29 00:07:07.828000
90994000,1.0952,1,2024-04-29 00:07:07.828000
90995000,0.9,1,2024-04-29 00:07:07.828000
90947000,0.0436,0,2024-04-29 00:07:13.058000
90929000,0.0345,0,2024-04-29 00:07:13.058000
90928000,0.0369,0,2024-04-29 00:07:13.058000
90927000,0.1152,0,2024-04-29 00:07:13.058000
90926000,0.1336,0,2024-04-29 00:07:13.058000
90980000,0.0055,1,2024-04-29 00:07:13.058000
90982000,0.0019,1,2024-04-29 00:07:13.058000
90987000,0.314,1,2024-04-29 00:07:13.058000
90994000,1.0952,1,2024-04-29 00:07:13.058000
90997000,0.1098,1,2024-04-29 00:07:13.058000
90947000,0.0131,0,2024-04-29 00:07:18.296000
90929000,0.0342,0,2024-04-29 00:07:18.296000
90928000,0.0369,0,2024-04-29 00:07:18.296000
90927000,0.1152,0,2024-04-29 00:07:18.296000
90926000,0.1336,0,2024-04-29 00:07:18.296000
90976000,0.0076,1,2024-04-29 00:07:18.296000
90977000,0.271,1,2024-04-29 00:07:18.296000
90980000,0.0001,1,2024-04-29 00:07:18.296000
90982000,0.0019,1,2024-04-29 00:07:18.296000
90987000,0.314,1,2024-04-29 00:07:18.296000
90947000,0.0718,0,2024-04-29 00:07:23.614000
90929000,0.0344,0,2024-04-29 00:07:23.614000
90928000,0.035,0,2024-04-29 00:07:23.614000
90927000,0.1152,0,2024-04-29 00:07:23.614000
90926000,0.1338,0,2024-04-29 00:07:23.614000
90975000,0.0056,1,2024-04-29 00:07:23.614000
90977000,0.271,1,2024-04-29 00:07:23.614000
90980000,0.002,1,2024-04-29 00:07:23.614000
90982000,0.0019,1,2024-04-29 00:07:23.614000
90987000,0.314,1,2024-04-29 00:07:23.614000
90947000,0.0517,0,2024-04-29 00:07:28.853000
90929000,0.0341,0,2024-04-29 00:07:28.853000
90928000,0.035,0,2024-04-29 00:07:28.853000
90927000,0.1152,0,2024-04-29 00:07:28.853000
90926000,0.1338,0,2024-04-29 00:07:28.853000
90974000,0.0023,1,2024-04-29 00:07:28.853000
90977000,0.271,1,2024-04-29 00:07:28.853000
90980000,0.002,1,2024-04-29 00:07:28.853000
90982000,0.0019,1,2024-04-29 00:07:28.853000
90987000,0.314,1,2024-04-29 00:07:28.853000
90947000,0.0359,0,2024-04-29 00:07:34.089000
90944000,0.0368,0,2024-04-29 00:07:34.089000
90942000,0.0381,0,2024-04-29 00:07:34.089000
90941000,0.0652,0,2024-04-29 00:07:34.089000
90939000,0.0001,0,2024-04-29 00:07:34.089000
90972000,0.002,1,2024-04-29 00:07:34.089000
90977000,0.271,1,2024-04-29 00:07:34.089000
90991000,0.0019,1,2024-04-29 00:07:34.089000
91012000,0.1108,1,2024-04-29 00:07:34.089000
91014000,1.0952,1,2024-04-29 00:07:34.089000
90952000,0.0707,0,2024-04-29 00:07:39.340000
90951000,0.1466,0,2024-04-29 00:07:39.340000
90950000,0.1107,0,2024-04-29 00:07:39.340000
90949000,0.0381,0,2024-04-29 00:07:39.340000
90948000,0.1556,0,2024-04-29 00:07:39.340000
90971000,0.0032,1,2024-04-29 00:07:39.340000
91004000,0.0053,1,2024-04-29 00:07:39.340000
91007000,0.0019,1,2024-04-29 00:07:39.340000
91010000,0.0014,1,2024-04-29 00:07:39.340000
91011000,0.314,1,2024-04-29 00:07:39.340000
90952000,0.0416,0,2024-04-29 00:07:44.597000
90951000,0.1466,0,2024-04-29 00:07:44.597000
90950000,0.1109,0,2024-04-29 00:07:44.597000
90949000,0.0381,0,2024-04-29 00:07:44.597000
90948000,0.1556,0,2024-04-29 00:07:44.597000
90970000,0.0032,1,2024-04-29 00:07:44.597000
90989000,0.314,1,2024-04-29 00:07:44.597000
91003000,0.0166,1,2024-04-29 00:07:44.597000
91004000,0.0054,1,2024-04-29 00:07:44.597000
91007000,0.0019,1,2024-04-29 00:07:44.597000
90952000,0.0379,0,2024-04-29 00:07:49.860000
90951000,0.1466,0,2024-04-29 00:07:49.860000
90950000,0.1109,0,2024-04-29 00:07:49.860000
90949000,0.0381,0,2024-04-29 00:07:49.860000
90948000,0.1556,0,2024-04-29 00:07:49.860000
90969000,0.002,1,2024-04-29 00:07:49.860000
90989000,0.2793,1,2024-04-29 00:07:49.860000
91003000,0.0257,1,2024-04-29 00:07:49.860000
91004000,0.0054,1,2024-04-29 00:07:49.860000
91007000,0.0019,1,2024-04-29 00:07:49.860000
90952000,0.0393,0,2024-04-29 00:07:55.095000
90951000,0.1466,0,2024-04-29 00:07:55.095000
90950000,0.1109,0,2024-04-29 00:07:55.095000
90949000,0.0381,0,2024-04-29 00:07:55.095000
90948000,0.1556,0,2024-04-29 00:07:55.095000
90989000,0.2383,1,2024-04-29 00:07:55.095000
91003000,0.0257,1,2024-04-29 00:07:55.095000
91004000,0.0054,1,2024-04-29 00:07:55.095000
91007000,0.0019,1,2024-04-29 00:07:55.095000
91009000,0.0003,1,2024-04-29 00:07:55.095000
90960000,0.0117,0,2024-04-29 00:08:00.338000
90959000,0.097,0,2024-04-29 00:08:00.338000
90958000,0.1601,0,2024-04-29 00:08:00.338000
90957000,0.0604,0,2024-04-29 00:08:00.338000
90955000,0.2461,0,2024-04-29 00:08:00.338000
91002000,0.314,1,2024-04-29 00:08:00.338000
91012000,0.0353,1,2024-04-29 00:08:00.338000
91015000,0.0019,1,2024-04-29 00:08:00.338000
91018000,0.0145,1,2024-04-29 00:08:00.338000
91020000,0.0001,1,2024-04-29 00:08:00.338000
90958000,0.0002,0,2024-04-29 00:08:05.589000
90957000,0.0467,0,2024-04-29 00:08:05.589000
90956000,0.0618,0,2024-04-29 00:08:05.589000
90955000,0.0223,0,2024-04-29 00:08:05.589000
90954000,0.097,0,2024-04-29 00:08:05.589000
91001000,0.1154,1,2024-04-29 00:08:05.589000
91002000,0.271,1,2024-04-29 00:08:05.589000
91006000,0.0035,1,2024-04-29 00:08:05.589000
91009000,0.0019,1,2024-04-29 00:08:05.589000
91010000,0.011,1,2024-04-29 00:08:05.589000
90950000,0.0364,0,2024-04-29 00:08:10.915000
90949000,0.0619,0,2024-04-29 00:08:10.915000
90948000,0.0223,0,2024-04-29 00:08:10.915000
90947000,0.0375,0,2024-04-29 00:08:10.915000
90946000,0.1668,0,2024-04-29 00:08:10.915000
90999000,0.1175,1,2024-04-29 00:08:10.915000
91002000,0.2731,1,2024-04-29 00:08:10.915000
91003000,0.037,1,2024-04-29 00:08:10.915000
91004000,0.0154,1,2024-04-29 00:08:10.915000
91005000,0.0005,1,2024-04-29 00:08:10.915000
90950000,0.0056,0,2024-04-29 00:08:16.165000
90949000,0.0619,0,2024-04-29 00:08:16.165000
90948000,0.0223,0,2024-04-29 00:08:16.165000
90947000,0.0375,0,2024-04-29 00:08:16.165000
90946000,0.1676,0,2024-04-29 00:08:16.165000
90997000,0.0724,1,2024-04-29 00:08:16.165000
90998000,0.0021,1,2024-04-29 00:08:16.165000
90999000,0.0015,1,2024-04-29 00:08:16.165000
91002000,0.2731,1,2024-04-29 00:08:16.165000
91003000,0.037,1,2024-04-29 00:08:16.165000
90956000,0.0614,0,2024-04-29 00:08:21.435000
90955000,0.0223,0,2024-04-29 00:08:21.435000
90953000,0.1674,0,2024-04-29 00:08:21.435000
90952000,0.1687,0,2024-04-29 00:08:21.435000
90951000,0.143,0,2024-04-29 00:08:21.435000
90996000,0.0076,1,2024-04-29 00:08:21.435000
91002000,0.2712,1,2024-04-29 00:08:21.435000
91006000,0.0015,1,2024-04-29 00:08:21.435000
91008000,0.0019,1,2024-04-29 00:08:21.435000
91010000,0.037,1,2024-04-29 00:08:21.435000
90956000,0.0541,0,2024-04-29 00:08:26.661000
90955000,0.0223,0,2024-04-29 00:08:26.661000
90953000,0.1676,0,2024-04-29 00:08:26.661000
90952000,0.1687,0,2024-04-29 00:08:26.661000
90951000,0.143,0,2024-04-29 00:08:26.661000
90995000,0.0044,1,2024-04-29 00:08:26.661000
91002000,0.2712,1,2024-04-29 00:08:26.661000
91006000,0.0015,1,2024-04-29 00:08:26.661000
91008000,0.0019,1,2024-04-29 00:08:26.661000
91010000,0.037,1,2024-04-29 00:08:26.661000
90956000,0.0376,0,2024-04-29 00:08:31.908000
90955000,0.0223,0,2024-04-29 00:08:31.908000
90953000,0.1676,0,2024-04-29 00:08:31.908000
90952000,0.1687,0,2024-04-29 00:08:31.908000
90951000,0.143,0,2024-04-29 00:08:31.908000
91002000,0.2599,1,2024-04-29 00:08:31.908000
91006000,0.0015,1,2024-04-29 00:08:31.908000
91008000,0.0019,1,2024-04-29 00:08:31.908000
91010000,0.037,1,2024-04-29 00:08:31.908000
91011000,0.0432,1,2024-04-29 00:08:31.908000
90956000,0.0324,0,2024-04-29 00:08:37.134000
90955000,0.0223,0,2024-04-29 00:08:37.134000
90953000,0.1676,0,2024-04-29 00:08:37.134000
90952000,0.1687,0,2024-04-29 00:08:37.134000
90951000,0.143,0,2024-04-29 00:08:37.134000
91002000,0.2599,1,2024-04-29 00:08:37.134000
91006000,0.0015,1,2024-04-29 00:08:37.134000
91008000,0.0019,1,2024-04-29 00:08:37.134000
91010000,0.037,1,2024-04-29 00:08:37.134000
91011000,0.0432,1,2024-04-29 00:08:37.134000
90955000,0.0181,0,2024-04-29 00:08:42.364000
90953000,0.1676,0,2024-04-29 00:08:42.364000
90952000,0.1689,0,2024-04-29 00:08:42.364000
90951000,0.143,0,2024-04-29 00:08:42.364000
90950000,0.3047,0,2024-04-29 00:08:42.364000
90956000,0.0157,1,2024-04-29 00:08:42.364000
91002000,0.2599,1,2024-04-29 00:08:42.364000
91006000,0.0015,1,2024-04-29 00:08:42.364000
91008000,0.0019,1,2024-04-29 00:08:42.364000
91010000,0.037,1,2024-04-29 00:08:42.364000
90953000,0.1661,0,2024-04-29 00:08:47.607000
90952000,0.1689,0,2024-04-29 00:08:47.607000
90951000,0.143,0,2024-04-29 00:08:47.607000
90950000,0.2049,0,2024-04-29 00:08:47.607000
90949000,0.0549,0,2024-04-29 00:08:47.607000
91001000,0.0074,1,2024-04-29 00:08:47.607000
91002000,0.2112,1,2024-04-29 00:08:47.607000
91006000,0.0015,1,2024-04-29 00:08:47.607000
91008000,0.0019,1,2024-04-29 00:08:47.607000
91010000,0.037,1,2024-04-29 00:08:47.607000
90955000,0.092,0,2024-04-29 00:08:52.884000
90953000,0.0978,0,2024-04-29 00:08:52.884000
90952000,0.1689,0,2024-04-29 00:08:52.884000
90951000,0.143,0,2024-04-29 00:08:52.884000
90950000,0.2049,0,2024-04-29 00:08:52.884000
91000000,0.0055,1,2024-04-29 00:08:52.884000
91001000,0.0001,1,2024-04-29 00:08:52.884000
91002000,0.2112,1,2024-04-29 00:08:52.884000
91006000,0.0015,1,2024-04-29 00:08:52.884000
91008000,0.0019,1,2024-04-29 00:08:52.884000
90955000,0.0663,0,2024-04-29 00:08:58.105000
90953000,0.0978,0,2024-04-29 00:08:58.105000
90952000,0.1689,0,2024-04-29 00:08:58.105000
90951000,0.143,0,2024-04-29 00:08:58.105000
90950000,0.2049,0,2024-04-29 00:08:58.105000
90999000,0.0055,1,2024-04-29 00:08:58.105000
91001000,0.0001,1,2024-04-29 00:08:58.105000
91002000,0.2112,1,2024-04-29 00:08:58.105000
91006000,0.0015,1,2024-04-29 00:08:58.105000
91008000,0.0019,1,2024-04-29 00:08:58.105000
90949000,0.0264,0,2024-04-29 00:09:03.335000
90948000,0.1869,0,2024-04-29 00:09:03.335000
90947000,0.067,0,2024-04-29 00:09:03.335000
90944000,0.052,0,2024-04-29 00:09:03.335000
90928000,0.314,0,2024-04-29 00:09:03.335000
90997000,0.002,1,2024-04-29 00:09:03.335000
90998000,0.0002,1,2024-04-29 00:09:03.335000
91001000,0.0001,1,2024-04-29 00:09:03.335000
91002000,0.2112,1,2024-04-29 00:09:03.335000
91006000,0.0761,1,2024-04-29 00:09:03.335000
90949000,0.0023,0,2024-04-29 00:09:08.589000
90947000,0.0373,0,2024-04-29 00:09:08.589000
90946000,0.1499,0,2024-04-29 00:09:08.589000
90945000,0.0297,0,2024-04-29 00:09:08.589000
90944000,0.0003,0,2024-04-29 00:09:08.589000
90950000,0.0012,1,2024-04-29 00:09:08.589000
90997000,0.0001,1,2024-04-29 00:09:08.589000
91000000,0.031,1,2024-04-29 00:09:08.589000
91002000,0.256,1,2024-04-29 00:09:08.589000
91003000,0.0612,1,2024-04-29 00:09:08.589000
90966000,0.1851,0,2024-04-29 00:09:13.873000
90965000,0.0299,0,2024-04-29 00:09:13.873000
90963000,0.0108,0,2024-04-29 00:09:13.873000
90962000,0.0888,0,2024-04-29 00:09:13.873000
90956000,0.001,0,2024-04-29 00:09:13.873000
91020000,0.0311,1,2024-04-29 00:09:13.873000
91021000,0.0019,1,2024-04-29 00:09:13.873000
91022000,0.0349,1,2024-04-29 00:09:13.873000
91023000,0.0693,1,2024-04-29 00:09:13.873000
91024000,0.037,1,2024-04-29 00:09:13.873000
90967000,0.001,0,2024-04-29 00:09:19.087000
90966000,0.1613,0,2024-04-29 00:09:19.087000
90965000,0.0297,0,2024-04-29 00:09:19.087000
90963000,0.0108,0,2024-04-29 00:09:19.087000
90962000,0.0888,0,2024-04-29 00:09:19.087000
91019000,0.006,1,2024-04-29 00:09:19.087000
91020000,0.0311,1,2024-04-29 00:09:19.087000
91021000,0.0019,1,2024-04-29 00:09:19.087000
91022000,0.0349,1,2024-04-29 00:09:19.087000
91023000,0.0693,1,2024-04-29 00:09:19.087000
90966000,0.1323,0,2024-04-29 00:09:24.319000
90965000,0.0297,0,2024-04-29 00:09:24.319000
90963000,0.011,0,2024-04-29 00:09:24.319000
90962000,0.089,0,2024-04-29 00:09:24.319000
90956000,0.001,0,2024-04-29 00:09:24.319000
91017000,0.0055,1,2024-04-29 00:09:24.319000
91019000,0.0006,1,2024-04-29 00:09:24.319000
91020000,0.0311,1,2024-04-29 00:09:24.319000
91021000,0.1218,1,2024-04-29 00:09:24.319000
91022000,0.0349,1,2024-04-29 00:09:24.319000
90962000,0.0155,0,2024-04-29 00:09:29.556000
90956000,0.001,0,2024-04-29 00:09:29.556000
90952000,0.3131,0,2024-04-29 00:09:29.556000
90950000,0.0013,0,2024-04-29 00:09:29.556000
90949000,0.0014,0,2024-04-29 00:09:29.556000
90966000,0.0572,1,2024-04-29 00:09:29.556000
91019000,0.1217,1,2024-04-29 00:09:29.556000
91020000,0.0313,1,2024-04-29 00:09:29.556000
91021000,0.0019,1,2024-04-29 00:09:29.556000
91022000,0.035,1,2024-04-29 00:09:29.556000
90956000,0.0056,0,2024-04-29 00:09:34.804000
90952000,0.3131,0,2024-04-29 00:09:34.804000
90950000,0.0013,0,2024-04-29 00:09:34.804000
90949000,0.0014,0,2024-04-29 00:09:34.804000
90947000,0.0373,0,2024-04-29 00:09:34.804000
90966000,0.0476,1,2024-04-29 00:09:34.804000
91018000,0.0013,1,2024-04-29 00:09:34.804000
91019000,0.1217,1,2024-04-29 00:09:34.804000
91020000,0.0313,1,2024-04-29 00:09:34.804000
91021000,0.0019,1,2024-04-29 00:09:34.804000
90950000,0.0001,0,2024-04-29 00:09:40.038000
90949000,0.0014,0,2024-04-29 00:09:40.038000
90947000,0.0373,0,2024-04-29 00:09:40.038000
90944000,0.0003,0,2024-04-29 00:09:40.038000
90926000,0.0266,0,2024-04-29 00:09:40.038000
90964000,0.002,1,2024-04-29 00:09:40.038000
90965000,0.0055,1,2024-04-29 00:09:40.038000
90966000,0.0476,1,2024-04-29 00:09:40.038000
90997000,0.0007,1,2024-04-29 00:09:40.038000
91003000,0.3142,1,2024-04-29 00:09:40.038000
90950000,0.0543,0,2024-04-29 00:09:45.271000
90949000,0.0014,0,2024-04-29 00:09:45.271000
90947000,0.0373,0,2024-04-29 00:09:45.271000
90944000,0.0003,0,2024-04-29 00:09:45.271000
90926000,0.0266,0,2024-04-29 00:09:45.271000
90963000,0.002,1,2024-04-29 00:09:45.271000
90966000,0.0291,1,2024-04-29 00:09:45.271000
90997000,0.0007,1,2024-04-29 00:09:45.271000
91003000,0.0002,1,2024-04-29 00:09:45.271000
91010000,0.1098,1,2024-04-29 00:09:45.271000
90950000,0.0532,0,2024-04-29 00:09:50.500000
90949000,0.0014,0,2024-04-29 00:09:50.500000
90947000,0.0373,0,2024-04-29 00:09:50.500000
90944000,0.0003,0,2024-04-29 00:09:50.500000
90926000,0.0266,0,2024-04-29 00:09:50.500000
90965000,0.002,1,2024-04-29 00:09:50.500000
90966000,0.0291,1,2024-04-29 00:09:50.500000
90997000,0.0007,1,2024-04-29 00:09:50.500000
91003000,0.0002,1,2024-04-29 00:09:50.500000
91010000,0.1098,1,2024-04-29 00:09:50.500000
90952000,0.0311,0,2024-04-29 00:09:55.722000
90951000,0.001,0,2024-04-29 00:09:55.722000
90950000,0.0004,0,2024-04-29 00:09:55.722000
90949000,0.0018,0,2024-04-29 00:09:55.722000
90947000,0.0373,0,2024-04-29 00:09:55.722000
90993000,0.0939,1,2024-04-29 00:09:55.722000
91003000,0.0002,1,2024-04-29 00:09:55.722000
91016000,0.001,1,2024-04-29 00:09:55.722000
91018000,0.0013,1,2024-04-29 00:09:55.722000
91019000,0.0006,1,2024-04-29 00:09:55.722000
90953000,0.0238,0,2024-04-29 00:10:00.948000
90952000,0.0054,0,2024-04-29 00:10:00.948000
90950000,0.0003,0,2024-04-29 00:10:00.948000
90949000,0.0018,0,2024-04-29 00:10:00.948000
90947000,0.0376,0,2024-04-29 00:10:00.948000
91003000,0.0002,1,2024-04-29 00:10:00.948000
91016000,0.001,1,2024-04-29 00:10:00.948000
91018000,0.0013,1,2024-04-29 00:10:00.948000
91019000,0.0006,1,2024-04-29 00:10:00.948000
91020000,0.0003,1,2024-04-29 00:10:00.948000
90962000,0.2155,0,2024-04-29 00:10:06.202000
90961000,0.3142,0,2024-04-29 00:10:06.202000
90952000,0.0057,0,2024-04-29 00:10:06.202000
90950000,0.0003,0,2024-04-29 00:10:06.202000
90949000,0.0085,0,2024-04-29 00:10:06.202000
91031000,0.31,1,2024-04-29 00:10:06.202000
91034000,0.0002,1,2024-04-29 00:10:06.202000
91036000,0.031,1,2024-04-29 00:10:06.202000
91037000,0.072,1,2024-04-29 00:10:06.202000
91038000,0.0898,1,2024-04-29 00:10:06.202000
90965000,0.0142,0,2024-04-29 00:10:11.428000
90964000,0.2,0,2024-04-29 00:10:11.428000
90963000,0.0002,0,2024-04-29 00:10:11.428000
90952000,0.0058,0,2024-04-29 00:10:11.428000
90950000,0.0003,0,2024-04-29 00:10:11.428000
91013000,0.002,1,2024-04-29 00:10:11.428000
91014000,0.314,1,2024-04-29 00:10:11.428000
91029000,0.1097,1,2024-04-29 00:10:11.428000
91033000,0.031,1,2024-04-29 00:10:11.428000
91034000,0.0002,1,2024-04-29 00:10:11.428000
90966000,0.1945,0,2024-04-29 00:10:16.666000
90964000,0.0002,0,2024-04-29 00:10:16.666000
90962000,0.0057,0,2024-04-29 00:10:16.666000
90952000,0.0058,0,2024-04-29 00:10:16.666000
90950000,0.0003,0,2024-04-29 00:10:16.666000
91013000,0.0021,1,2024-04-29 00:10:16.666000
91014000,0.3135,1,2024-04-29 00:10:16.666000
91022000,0.031,1,2024-04-29 00:10:16.666000
91024000,0.072,1,2024-04-29 00:10:16.666000
91025000,0.0898,1,2024-04-29 00:10:16.666000
90966000,0.1544,0,2024-04-29 00:10:21.922000
90964000,0.0002,0,2024-04-29 00:10:21.922000
90962000,0.0057,0,2024-04-29 00:10:21.922000
90952000,0.0004,0,2024-04-29 00:10:21.922000
90950000,0.0003,0,2024-04-29 00:10:21.922000
90997000,0.3141,1,2024-04-29 00:10:21.922000
91005000,0.031,1,2024-04-29 00:10:21.922000
91006000,0.035,1,2024-04-29 00:10:21.922000
91007000,0.0612,1,2024-04-29 00:10:21.922000
91008000,0.1253,1,2024-04-29 00:10:21.922000
90966000,0.004,0,2024-04-29 00:10:27.153000
90964000,0.0002,0,2024-04-29 00:10:27.153000
90962000,0.0057,0,2024-04-29 00:10:27.153000
90952000,0.0004,0,2024-04-29 00:10:27.153000
90950000,0.0003,0,2024-04-29 00:10:27.153000
90996000,0.1722,1,2024-04-29 00:10:27.153000
90997000,0.314,1,2024-04-29 00:10:27.153000
91005000,0.031,1,2024-04-29 00:10:27.153000
91006000,0.035,1,2024-04-29 00:10:27.153000
91007000,0.0612,1,2024-04-29 00:10:27.153000
90968000,0.0012,0,2024-04-29 00:10:32.410000
90967000,0.001,0,2024-04-29 00:10:32.410000
90966000,0.1947,0,2024-04-29 00:10:32.410000
90964000,0.0002,0,2024-04-29 00:10:32.410000
90962000,0.0059,0,2024-04-29 00:10:32.410000
90975000,0.364,1,2024-04-29 00:10:32.410000
90989000,0.031,1,2024-04-29 00:10:32.410000
90991000,0.0962,1,2024-04-29 00:10:32.410000
90992000,0.0802,1,2024-04-29 00:10:32.410000
90993000,0.0717,1,2024-04-29 00:10:32.410000
90966000,0.1602,0,2024-04-29 00:10:37.644000
90964000,0.0002,0,2024-04-29 00:10:37.644000
90962000,0.0057,0,2024-04-29 00:10:37.644000
90952000,0.0004,0,2024-04-29 00:10:37.644000
90950000,0.0003,0,2024-04-29 00:10:37.644000
90974000,0.0575,1,2024-04-29 00:10:37.644000
90975000,0.314,1,2024-04-29 00:10:37.644000
90989000,0.031,1,2024-04-29 00:10:37.644000
90991000,0.0962,1,2024-04-29 00:10:37.644000
90992000,0.0802,1,2024-04-29 00:10:37.644000
90947000,0.0068,0,2024-04-29 00:10:42.890000
90946000,0.0013,0,2024-04-29 00:10:42.890000
90944000,0.0044,0,2024-04-29 00:10:42.890000
90932000,0.0019,0,2024-04-29 00:10:42.890000
90925000,0.0001,0,2024-04-29 00:10:42.890000
90966000,0.0721,1,2024-04-29 00:10:42.890000
90975000,0.3142,1,2024-04-29 00:10:42.890000
90989000,0.031,1,2024-04-29 00:10:42.890000
90991000,0.0962,1,2024-04-29 00:10:42.890000
90992000,0.0802,1,2024-04-29 00:10:42.890000
90947000,0.0018,0,2024-04-29 00:10:48.119000
90946000,0.0013,0,2024-04-29 00:10:48.119000
90944000,0.0044,0,2024-04-29 00:10:48.119000
90932000,0.0019,0,2024-04-29 00:10:48.119000
90925000,0.0001,0,2024-04-29 00:10:48.119000
90965000,0.0501,1,2024-04-29 00:10:48.119000
90966000,0.022,1,2024-04-29 00:10:48.119000
90975000,0.3142,1,2024-04-29 00:10:48.119000
90989000,0.031,1,2024-04-29 00:10:48.119000
90991000,0.0962,1,2024-04-29 00:10:48.119000
90947000,0.0129,0,2024-04-29 00:10:53.338000
90946000,0.0013,0,2024-04-29 00:10:53.338000
90944000,0.0044,0,2024-04-29 00:10:53.338000
90932000,0.0019,0,2024-04-29 00:10:53.338000
90925000,0.0001,0,2024-04-29 00:10:53.338000
90963000,0.002,1,2024-04-29 00:10:53.338000
90964000,0.0071,1,2024-04-29 00:10:53.338000
90966000,0.022,1,2024-04-29 00:10:53.338000
90975000,0.3142,1,2024-04-29 00:10:53.338000
90989000,0.031,1,2024-04-29 00:10:53.338000
90947000,0.0015,0,2024-04-29 00:10:58.566000
90946000,0.0013,0,2024-04-29 00:10:58.566000
90944000,0.0044,0,2024-04-29 00:10:58.566000
90932000,0.0019,0,2024-04-29 00:10:58.566000
90925000,0.0001,0,2024-04-29 00:10:58.566000
90965000,0.0019,1,2024-04-29 00:10:58.566000
90966000,0.0221,1,2024-04-29 00:10:58.566000
90975000,0.3142,1,2024-04-29 00:10:58.566000
90989000,0.031,1,2024-04-29 00:10:58.566000
90991000,0.0962,1,2024-04-29 00:10:58.566000
90947000,0.0055,0,2024-04-29 00:11:03.786000
90946000,0.0013,0,2024-04-29 00:11:03.786000
90944000,0.0044,0,2024-04-29 00:11:03.786000
90932000,0.0019,0,2024-04-29 00:11:03.786000
90925000,0.0001,0,2024-04-29 00:11:03.786000
90975000,0.2933,1,2024-04-29 00:11:03.786000
90989000,0.031,1,2024-04-29 00:11:03.786000
90991000,0.0962,1,2024-04-29 00:11:03.786000
90992000,0.0802,1,2024-04-29 00:11:03.786000
90993000,0.0717,1,2024-04-29 00:11:03.786000
90947000,0.2374,0,2024-04-29 00:11:09.017000
90946000,0.0013,0,2024-04-29 00:11:09.017000
90944000,0.0044,0,2024-04-29 00:11:09.017000
90932000,0.0019,0,2024-04-29 00:11:09.017000
90925000,0.4509,0,2024-04-29 00:11:09.017000
90973000,0.002,1,2024-04-29 00:11:09.017000
90974000,0.0056,1,2024-04-29 00:11:09.017000
90975000,0.2933,1,2024-04-29 00:11:09.017000
90983000,0.031,1,2024-04-29 00:11:09.017000
90985000,0.035,1,2024-04-29 00:11:09.017000
90947000,0.2338,0,2024-04-29 00:11:14.245000
90946000,0.0013,0,2024-04-29 00:11:14.245000
90944000,0.0044,0,2024-04-29 00:11:14.245000
90932000,0.0019,0,2024-04-29 00:11:14.245000
90925000,0.4653,0,2024-04-29 00:11:14.245000
90972000,0.0076,1,2024-04-29 00:11:14.245000
90973000,0.031,1,2024-04-29 00:11:14.245000
90975000,0.3283,1,2024-04-29 00:11:14.245000
90976000,0.0612,1,2024-04-29 00:11:14.245000
90977000,0.0287,1,2024-04-29 00:11:14.245000
90932000,0.0019,0,2024-04-29 00:11:19.478000
90925000,0.4653,0,2024-04-29 00:11:19.478000
90924000,0.0004,0,2024-04-29 00:11:19.478000
90914000,0.0795,0,2024-04-29 00:11:19.478000
90908000,0.0002,0,2024-04-29 00:11:19.478000
90944000,0.0001,1,2024-04-29 00:11:19.478000
90971000,0.0076,1,2024-04-29 00:11:19.478000
90973000,0.031,1,2024-04-29 00:11:19.478000
90975000,0.3283,1,2024-04-29 00:11:19.478000
90976000,0.0612,1,2024-04-29 00:11:19.478000
90932000,0.0005,0,2024-04-29 00:11:24.714000
90925000,0.4653,0,2024-04-29 00:11:24.714000
90924000,0.0004,0,2024-04-29 00:11:24.714000
90914000,0.0795,0,2024-04-29 00:11:24.714000
90908000,0.0002,0,2024-04-29 00:11:24.714000
90943000,0.0056,1,2024-04-29 00:11:24.714000
90973000,0.031,1,2024-04-29 00:11:24.714000
90975000,0.3283,1,2024-04-29 00:11:24.714000
90976000,0.0612,1,2024-04-29 00:11:24.714000
90977000,0.0287,1,2024-04-29 00:11:24.714000
90933000,0.0064,0,2024-04-29 00:11:29.939000
90932000,0.0355,0,2024-04-29 00:11:29.939000
90925000,0.4653,0,2024-04-29 00:11:29.939000
90924000,0.0004,0,2024-04-29 00:11:29.939000
90920000,0.031,0,2024-04-29 00:11:29.939000
90975000,0.3219,1,2024-04-29 00:11:29.939000
90976000,0.0612,1,2024-04-29 00:11:29.939000
90977000,0.0287,1,2024-04-29 00:11:29.939000
90978000,0.0369,1,2024-04-29 00:11:29.939000
90979000,0.0463,1,2024-04-29 00:11:29.939000
90933000,0.0011,0,2024-04-29 00:11:35.170000
90932000,0.0088,0,2024-04-29 00:11:35.170000
90925000,0.4653,0,2024-04-29 00:11:35.170000
90924000,0.0004,0,2024-04-29 00:11:35.170000
90920000,0.031,0,2024-04-29 00:11:35.170000
90975000,0.3273,1,2024-04-29 00:11:35.170000
90976000,0.0612,1,2024-04-29 00:11:35.170000
90977000,0.0287,1,2024-04-29 00:11:35.170000
90978000,0.0369,1,2024-04-29 00:11:35.170000
90979000,0.0463,1,2024-04-29 00:11:35.170000
90932000,0.0001,0,2024-04-29 00:11:40.388000
90925000,0.4653,0,2024-04-29 00:11:40.388000
90924000,0.0004,0,2024-04-29 00:11:40.388000
90917000,0.0001,0,2024-04-29 00:11:40.388000
90914000,0.0795,0,2024-04-29 00:11:40.388000
90969000,0.0369,1,2024-04-29 00:11:40.388000
90972000,0.0055,1,2024-04-29 00:11:40.388000
90973000,0.0644,1,2024-04-29 00:11:40.388000
90974000,0.002,1,2024-04-29 00:11:40.388000
90975000,0.0558,1,2024-04-29 00:11:40.388000
90925000,0.169,0,2024-04-29 00:11:45.612000
90924000,0.0004,0,2024-04-29 00:11:45.612000
90914000,0.0795,0,2024-04-29 00:11:45.612000
90908000,0.0002,0,2024-04-29 00:11:45.612000
90904000,0.0311,0,2024-04-29 00:11:45.612000
90958000,0.3545,1,2024-04-29 00:11:45.612000
90959000,0.0242,1,2024-04-29 00:11:45.612000
90960000,0.037,1,2024-04-29 00:11:45.612000
90962000,0.0973,1,2024-04-29 00:11:45.612000
90963000,0.0786,1,2024-04-29 00:11:45.612000
90925000,0.162,0,2024-04-29 00:11:50.867000
90924000,0.0004,0,2024-04-29 00:11:50.867000
90915000,0.0003,0,2024-04-29 00:11:50.867000
90914000,0.0797,0,2024-04-29 00:11:50.867000
90908000,0.0002,0,2024-04-29 00:11:50.867000
90957000,0.0055,1,2024-04-29 00:11:50.867000
90958000,0.351,1,2024-04-29 00:11:50.867000
90959000,0.0287,1,2024-04-29 00:11:50.867000
90960000,0.0369,1,2024-04-29 00:11:50.867000
90961000,0.0146,1,2024-04-29 00:11:50.867000
90925000,0.0843,0,2024-04-29 00:11:56.101000
90924000,0.0004,0,2024-04-29 00:11:56.101000
90915000,0.0003,0,2024-04-29 00:11:56.101000
90914000,0.0795,0,2024-04-29 00:11:56.101000
90908000,0.0002,0,2024-04-29 00:11:56.101000
90932000,0.0173,1,2024-04-29 00:11:56.101000
90941000,0.314,1,2024-04-29 00:11:56.101000
90944000,0.0612,1,2024-04-29 00:11:56.101000
90947000,0.0686,1,2024-04-29 00:11:56.101000
90948000,0.0146,1,2024-04-29 00:11:56.101000
90914000,0.0758,0,2024-04-29 00:12:01.333000
90908000,0.0002,0,2024-04-29 00:12:01.333000
90904000,0.0001,0,2024-04-29 00:12:01.333000
90900000,0.0038,0,2024-04-29 00:12:01.333000
90892000,0.0001,0,2024-04-29 00:12:01.333000
90915000,0.0367,1,2024-04-29 00:12:01.333000
90917000,0.037,1,2024-04-29 00:12:01.333000
90918000,0.0656,1,2024-04-29 00:12:01.333000
90919000,0.0897,1,2024-04-29 00:12:01.333000
90920000,0.0452,1,2024-04-29 00:12:01.333000
90900000,0.0038,0,2024-04-29 00:12:06.571000
90892000,0.0001,0,2024-04-29 00:12:06.571000
90891000,0.0005,0,2024-04-29 00:12:06.571000
90882000,0.001,0,2024-04-29 00:12:06.571000
90881000,0.0001,0,2024-04-29 00:12:06.571000
90904000,0.0332,1,2024-04-29 00:12:06.571000
90908000,0.0372,1,2024-04-29 00:12:06.571000
90909000,0.0266,1,2024-04-29 00:12:06.571000
90910000,0.0317,1,2024-04-29 00:12:06.571000
90911000,0.078,1,2024-04-29 00:12:06.571000
90900000,0.001,0,2024-04-29 00:12:11.805000
90892000,0.0001,0,2024-04-29 00:12:11.805000
90891000,0.0005,0,2024-04-29 00:12:11.805000
90882000,0.001,0,2024-04-29 00:12:11.805000
90881000,0.0001,0,2024-04-29 00:12:11.805000
90903000,0.0057,1,2024-04-29 00:12:11.805000
90904000,0.0278,1,2024-04-29 00:12:11.805000
90908000,0.0372,1,2024-04-29 00:12:11.805000
90909000,0.0266,1,2024-04-29 00:12:11.805000
90910000,0.0317,1,2024-04-29 00:12:11.805000
90900000,0.0001,0,2024-04-29 00:12:17.049000
90892000,0.0001,0,2024-04-29 00:12:17.049000
90891000,0.0005,0,2024-04-29 00:12:17.049000
90882000,0.001,0,2024-04-29 00:12:17.049000
90881000,0.0001,0,2024-04-29 00:12:17.049000
90902000,0.0057,1,2024-04-29 00:12:17.049000
90904000,0.0278,1,2024-04-29 00:12:17.049000
90908000,0.0372,1,2024-04-29 00:12:17.049000
90909000,0.0266,1,2024-04-29 00:12:17.049000
90910000,0.0317,1,2024-04-29 00:12:17.049000
90900000,0.0001,0,2024-04-29 00:12:22.302000
90892000,0.0001,0,2024-04-29 00:12:22.302000
90891000,0.0005,0,2024-04-29 00:12:22.302000
90882000,0.001,0,2024-04-29 00:12:22.302000
90881000,0.0001,0,2024-04-29 00:12:22.302000
90901000,0.002,1,2024-04-29 00:12:22.302000
90904000,0.0538,1,2024-04-29 00:12:22.302000
90908000,0.0372,1,2024-04-29 00:12:22.302000
90909000,0.0266,1,2024-04-29 00:12:22.302000
90910000,0.0317,1,2024-04-29 00:12:22.302000
90900000,0.0058,0,2024-04-29 00:12:27.558000
90892000,0.0001,0,2024-04-29 00:12:27.558000
90891000,0.0005,0,2024-04-29 00:12:27.558000
90882000,0.001,0,2024-04-29 00:12:27.558000
90881000,0.0001,0,2024-04-29 00:12:27.558000
90903000,0.002,1,2024-04-29 00:12:27.558000
90904000,0.0538,1,2024-04-29 00:12:27.558000
90908000,0.0372,1,2024-04-29 00:12:27.558000
90909000,0.0266,1,2024-04-29 00:12:27.558000
90910000,0.0317,1,2024-04-29 00:12:27.558000
90866000,0.011,0,2024-04-29 00:12:32.788000
90865000,0.0077,0,2024-04-29 00:12:32.788000
90864000,0.0114,0,2024-04-29 00:12:32.788000
90862000,0.0005,0,2024-04-29 00:12:32.788000
90860000,0.0044,0,2024-04-29 00:12:32.788000
90894000,0.0428,1,2024-04-29 00:12:32.788000
90895000,0.0266,1,2024-04-29 00:12:32.788000
90896000,0.0917,1,2024-04-29 00:12:32.788000
90897000,0.018,1,2024-04-29 00:12:32.788000
90898000,0.0289,1,2024-04-29 00:12:32.788000
90868000,0.001,0,2024-04-29 00:12:38.043000
90867000,0.201,0,2024-04-29 00:12:38.043000
90866000,0.011,0,2024-04-29 00:12:38.043000
90865000,0.0077,0,2024-04-29 00:12:38.043000
90864000,0.0114,0,2024-04-29 00:12:38.043000
90893000,0.0055,1,2024-04-29 00:12:38.043000
90895000,0.0219,1,2024-04-29 00:12:38.043000
90896000,0.0917,1,2024-04-29 00:12:38.043000
90897000,0.018,1,2024-04-29 00:12:38.043000
90898000,0.0289,1,2024-04-29 00:12:38.043000
90868000,0.001,0,2024-04-29 00:12:43.302000
90867000,0.2004,0,2024-04-29 00:12:43.302000
90866000,0.011,0,2024-04-29 00:12:43.302000
90865000,0.0077,0,2024-04-29 00:12:43.302000
90864000,0.0114,0,2024-04-29 00:12:43.302000
90893000,0.0055,1,2024-04-29 00:12:43.302000
90895000,0.0219,1,2024-04-29 00:12:43.302000
90896000,0.0917,1,2024-04-29 00:12:43.302000
90897000,0.018,1,2024-04-29 00:12:43.302000
90898000,0.0289,1,2024-04-29 00:12:43.302000
90868000,0.001,0,2024-04-29 00:12:48.533000
90867000,0.2005,0,2024-04-29 00:12:48.533000
90866000,0.011,0,2024-04-29 00:12:48.533000
90865000,0.0077,0,2024-04-29 00:12:48.533000
90864000,0.0114,0,2024-04-29 00:12:48.533000
90893000,0.0021,1,2024-04-29 00:12:48.533000
90895000,0.0219,1,2024-04-29 00:12:48.533000
90896000,0.0917,1,2024-04-29 00:12:48.533000
90897000,0.018,1,2024-04-29 00:12:48.533000
90898000,0.0289,1,2024-04-29 00:12:48.533000
90867000,0.2005,0,2024-04-29 00:12:53.768000
90866000,0.011,0,2024-04-29 00:12:53.768000
90865000,0.0077,0,2024-04-29 00:12:53.768000
90864000,0.0114,0,2024-04-29 00:12:53.768000
90862000,0.0005,0,2024-04-29 00:12:53.768000
90896000,0.0846,1,2024-04-29 00:12:53.768000
90897000,0.018,1,2024-04-29 00:12:53.768000
90898000,0.0289,1,2024-04-29 00:12:53.768000
90899000,0.0821,1,2024-04-29 00:12:53.768000
90900000,0.0682,1,2024-04-29 00:12:53.768000
90868000,0.0065,0,2024-04-29 00:12:59.008000
90866000,0.011,0,2024-04-29 00:12:59.008000
90865000,0.0077,0,2024-04-29 00:12:59.008000
90864000,0.0116,0,2024-04-29 00:12:59.008000
90862000,0.0005,0,2024-04-29 00:12:59.008000
90869000,0.0998,1,2024-04-29 00:12:59.008000
90896000,0.0846,1,2024-04-29 00:12:59.008000
90897000,0.018,1,2024-04-29 00:12:59.008000
90898000,0.0289,1,2024-04-29 00:12:59.008000
90899000,0.0823,1,2024-04-29 00:12:59.008000
90868000,0.001,0,2024-04-29 00:13:04.250000
90867000,0.1586,0,2024-04-29 00:13:04.250000
90866000,0.011,0,2024-04-29 00:13:04.250000
90865000,0.0077,0,2024-04-29 00:13:04.250000
90864000,0.0116,0,2024-04-29 00:13:04.250000
90869000,0.0941,1,2024-04-29 00:13:04.250000
90896000,0.0846,1,2024-04-29 00:13:04.250000
90897000,0.018,1,2024-04-29 00:13:04.250000
90898000,0.0289,1,2024-04-29 00:13:04.250000
90899000,0.0823,1,2024-04-29 00:13:04.250000
90868000,0.0012,0,2024-04-29 00:13:09.490000
90867000,0.2003,0,2024-04-29 00:13:09.490000
90866000,0.011,0,2024-04-29 00:13:09.490000
90865000,0.0077,0,2024-04-29 00:13:09.490000
90864000,0.0116,0,2024-04-29 00:13:09.490000
90869000,0.0951,1,2024-04-29 00:13:09.490000
90892000,0.0246,1,2024-04-29 00:13:09.490000
90893000,0.06,1,2024-04-29 00:13:09.490000
90895000,0.0563,1,2024-04-29 00:13:09.490000
90897000,0.1366,1,2024-04-29 00:13:09.490000
90868000,0.0012,0,2024-04-29 00:13:14.737000
90867000,0.2003,0,2024-04-29 00:13:14.737000
90866000,0.011,0,2024-04-29 00:13:14.737000
90865000,0.0077,0,2024-04-29 00:13:14.737000
90864000,0.0116,0,2024-04-29 00:13:14.737000
90869000,0.0642,1,2024-04-29 00:13:14.737000
90892000,0.0246,1,2024-04-29 00:13:14.737000
90893000,0.06,1,2024-04-29 00:13:14.737000
90895000,0.0563,1,2024-04-29 00:13:14.737000
90897000,0.1366,1,2024-04-29 00:13:14.737000
90867000,0.001,0,2024-04-29 00:13:19.979000
90866000,0.0107,0,2024-04-29 00:13:19.979000
90865000,0.0077,0,2024-04-29 00:13:19.979000
90864000,0.2114,0,2024-04-29 00:13:19.979000
90862000,0.0005,0,2024-04-29 00:13:19.979000
90869000,0.0224,1,2024-04-29 00:13:19.979000
90892000,0.0246,1,2024-04-29 00:13:19.979000
90893000,0.06,1,2024-04-29 00:13:19.979000
90895000,0.0563,1,2024-04-29 00:13:19.979000
90897000,0.1366,1,2024-04-29 00:13:19.979000
90867000,0.0065,0,2024-04-29 00:13:25.205000
90866000,0.1441,0,2024-04-29 00:13:25.205000
90865000,0.0077,0,2024-04-29 00:13:25.205000
90864000,0.0116,0,2024-04-29 00:13:25.205000
90863000,0.2002,0,2024-04-29 00:13:25.205000
90892000,0.008,1,2024-04-29 00:13:25.205000
90893000,0.06,1,2024-04-29 00:13:25.205000
90895000,0.0563,1,2024-04-29 00:13:25.205000
90897000,0.1368,1,2024-04-29 00:13:25.205000
90898000,0.1382,1,2024-04-29 00:13:25.205000
90868000,0.0055,0,2024-04-29 00:13:30.432000
90866000,0.1442,0,2024-04-29 00:13:30.432000
90865000,0.0077,0,2024-04-29 00:13:30.432000
90864000,0.0116,0,2024-04-29 00:13:30.432000
90863000,0.2002,0,2024-04-29 00:13:30.432000
90898000,0.06,1,2024-04-29 00:13:30.432000
90901000,0.0207,1,2024-04-29 00:13:30.432000
90902000,0.1655,1,2024-04-29 00:13:30.432000
90903000,0.1093,1,2024-04-29 00:13:30.432000
90904000,0.0843,1,2024-04-29 00:13:30.432000
90869000,0.0057,0,2024-04-29 00:13:35.664000
90867000,0.0003,0,2024-04-29 00:13:35.664000
90866000,0.1881,0,2024-04-29 00:13:35.664000
90865000,0.0077,0,2024-04-29 00:13:35.664000
90864000,0.0116,0,2024-04-29 00:13:35.664000
90898000,0.0519,1,2024-04-29 00:13:35.664000
90901000,0.0207,1,2024-04-29 00:13:35.664000
90902000,0.1655,1,2024-04-29 00:13:35.664000
90903000,0.1093,1,2024-04-29 00:13:35.664000
90904000,0.0843,1,2024-04-29 00:13:35.664000
90870000,0.0055,0,2024-04-29 00:13:40.886000
90866000,0.1698,0,2024-04-29 00:13:40.886000
90865000,0.0079,0,2024-04-29 00:13:40.886000
90864000,0.0114,0,2024-04-29 00:13:40.886000
90862000,0.0005,0,2024-04-29 00:13:40.886000
90897000,0.002,1,2024-04-29 00:13:40.886000
90898000,0.147,1,2024-04-29 00:13:40.886000
90901000,0.0207,1,2024-04-29 00:13:40.886000
90902000,0.1655,1,2024-04-29 00:13:40.886000
90903000,0.1093,1,2024-04-29 00:13:40.886000
90872000,0.001,0,2024-04-29 00:13:46.108000
90871000,0.0065,0,2024-04-29 00:13:46.108000
90866000,0.176,0,2024-04-29 00:13:46.108000
90865000,0.0079,0,2024-04-29 00:13:46.108000
90864000,0.0114,0,2024-04-29 00:13:46.108000
90898000,0.0429,1,2024-04-29 00:13:46.108000
90901000,0.0207,1,2024-04-29 00:13:46.108000
90902000,0.1655,1,2024-04-29 00:13:46.108000
90903000,0.1093,1,2024-04-29 00:13:46.108000
90904000,0.0843,1,2024-04-29 00:13:46.108000
90867000,0.001,0,2024-04-29 00:13:51.353000
90866000,0.1725,0,2024-04-29 00:13:51.353000
90865000,0.0079,0,2024-04-29 00:13:51.353000
90864000,0.0114,0,2024-04-29 00:13:51.353000
90862000,0.0005,0,2024-04-29 00:13:51.353000
90870000,0.0712,1,2024-04-29 00:13:51.353000
90898000,0.0423,1,2024-04-29 00:13:51.353000
90901000,0.0207,1,2024-04-29 00:13:51.353000
90902000,0.1655,1,2024-04-29 00:13:51.353000
90903000,0.1201,1,2024-04-29 00:13:51.353000
90866000,0.1725,0,2024-04-29 00:13:56.591000
90865000,0.0079,0,2024-04-29 00:13:56.591000
90864000,0.0114,0,2024-04-29 00:13:56.591000
90862000,0.0005,0,2024-04-29 00:13:56.591000
90860000,0.0044,0,2024-04-29 00:13:56.591000
90870000,0.0376,1,2024-04-29 00:13:56.591000
90892000,0.0001,1,2024-04-29 00:13:56.591000
90898000,0.0423,1,2024-04-29 00:13:56.591000
90901000,0.0207,1,2024-04-29 00:13:56.591000
90902000,0.1655,1,2024-04-29 00:13:56.591000
90867000,0.0055,0,2024-04-29 00:14:01.825000
90866000,0.1725,0,2024-04-29 00:14:01.825000
90865000,0.024,0,2024-04-29 00:14:01.825000
90864000,0.0114,0,2024-04-29 00:14:01.825000
90863000,0.0176,0,2024-04-29 00:14:01.825000
90904000,0.0475,1,2024-04-29 00:14:01.825000
90911000,0.0002,1,2024-04-29 00:14:01.825000
90916000,0.0424,1,2024-04-29 00:14:01.825000
90918000,0.0207,1,2024-04-29 00:14:01.825000
90920000,0.1655,1,2024-04-29 00:14:01.825000
90878000,0.0161,0,2024-04-29 00:14:07.210000
90875000,0.0174,0,2024-04-29 00:14:07.210000
90874000,0.0001,0,2024-04-29 00:14:07.210000
90871000,0.059,0,2024-04-29 00:14:07.210000
90870000,0.1644,0,2024-04-29 00:14:07.210000
90904000,0.0415,1,2024-04-29 00:14:07.210000
90911000,0.0002,1,2024-04-29 00:14:07.210000
90925000,0.0424,1,2024-04-29 00:14:07.210000
90926000,0.0002,1,2024-04-29 00:14:07.210000
90927000,0.0002,1,2024-04-29 00:14:07.210000
90887000,0.0066,0,2024-04-29 00:14:12.439000
90886000,0.0161,0,2024-04-29 00:14:12.439000
90881000,0.0175,0,2024-04-29 00:14:12.439000
90879000,0.001,0,2024-04-29 00:14:12.439000
90877000,0.0957,0,2024-04-29 00:14:12.439000
90932000,0.035,1,2024-04-29 00:14:12.439000
90936000,0.0207,1,2024-04-29 00:14:12.439000
90937000,0.1366,1,2024-04-29 00:14:12.439000
90938000,0.0682,1,2024-04-29 00:14:12.439000
90940000,0.0716,1,2024-04-29 00:14:12.439000
90934000,0.001,0,2024-04-29 00:14:17.688000
90933000,0.0001,0,2024-04-29 00:14:17.688000
90886000,0.0161,0,2024-04-29 00:14:17.688000
90881000,0.0175,0,2024-04-29 00:14:17.688000
90878000,0.1176,0,2024-04-29 00:14:17.688000
90935000,0.0001,1,2024-04-29 00:14:17.688000
90936000,0.0207,1,2024-04-29 00:14:17.688000
90937000,0.1366,1,2024-04-29 00:14:17.688000
90938000,0.0682,1,2024-04-29 00:14:17.688000
90940000,0.0716,1,2024-04-29 00:14:17.688000
90934000,0.0008,0,2024-04-29 00:14:22.943000
90886000,0.0161,0,2024-04-29 00:14:22.943000
90881000,0.0175,0,2024-04-29 00:14:22.943000
90878000,0.1176,0,2024-04-29 00:14:22.943000
90877000,0.0959,0,2024-04-29 00:14:22.943000
90935000,0.0001,1,2024-04-29 00:14:22.943000
90936000,0.0207,1,2024-04-29 00:14:22.943000
90937000,0.1366,1,2024-04-29 00:14:22.943000
90938000,0.0682,1,2024-04-29 00:14:22.943000
90940000,0.0716,1,2024-04-29 00:14:22.943000
90934000,0.001,0,2024-04-29 00:14:28.171000
90886000,0.0161,0,2024-04-29 00:14:28.171000
90882000,0.1176,0,2024-04-29 00:14:28.171000
90881000,0.0175,0,2024-04-29 00:14:28.171000
90877000,0.0959,0,2024-04-29 00:14:28.171000
90935000,0.0021,1,2024-04-29 00:14:28.171000
90936000,0.0207,1,2024-04-29 00:14:28.171000
90937000,0.1366,1,2024-04-29 00:14:28.171000
90938000,0.0682,1,2024-04-29 00:14:28.171000
90940000,0.0716,1,2024-04-29 00:14:28.171000
90934000,0.0,0,2024-04-29 00:14:33.431000
90886000,0.0161,0,2024-04-29 00:14:33.431000
90881000,0.0175,0,2024-04-29 00:14:33.431000
90877000,0.0959,0,2024-04-29 00:14:33.431000
90876000,0.0824,0,2024-04-29 00:14:33.431000
90935000,0.0021,1,2024-04-29 00:14:33.431000
90936000,0.0227,1,2024-04-29 00:14:33.431000
90937000,0.1366,1,2024-04-29 00:14:33.431000
90938000,0.0682,1,2024-04-29 00:14:33.431000
90940000,0.0824,1,2024-04-29 00:14:33.431000
90881000,0.0001,0,2024-04-29 00:14:38.691000
90878000,0.0001,0,2024-04-29 00:14:38.691000
90877000,0.0246,0,2024-04-29 00:14:38.691000
90876000,0.0822,0,2024-04-29 00:14:38.691000
90875000,0.0269,0,2024-04-29 00:14:38.691000
90929000,0.0416,1,2024-04-29 00:14:38.691000
90935000,0.002,1,2024-04-29 00:14:38.691000
90936000,0.0406,1,2024-04-29 00:14:38.691000
90937000,0.1705,1,2024-04-29 00:14:38.691000
90938000,0.0682,1,2024-04-29 00:14:38.691000
90882000,0.0009,0,2024-04-29 00:14:43.925000
90881000,0.0001,0,2024-04-29 00:14:43.925000
90878000,0.0001,0,2024-04-29 00:14:43.925000
90877000,0.0273,0,2024-04-29 00:14:43.925000
90876000,0.0822,0,2024-04-29 00:14:43.925000
90928000,0.0055,1,2024-04-29 00:14:43.925000
90929000,0.0342,1,2024-04-29 00:14:43.925000
90936000,0.0406,1,2024-04-29 00:14:43.925000
90937000,0.1705,1,2024-04-29 00:14:43.925000
90938000,0.0682,1,2024-04-29 00:14:43.925000
90881000,0.0001,0,2024-04-29 00:14:49.165000
90878000,0.0001,0,2024-04-29 00:14:49.165000
90877000,0.0273,0,2024-04-29 00:14:49.165000
90876000,0.0822,0,2024-04-29 00:14:49.165000
90875000,0.0269,0,2024-04-29 00:14:49.165000
90882000,0.031,1,2024-04-29 00:14:49.165000
90927000,0.0055,1,2024-04-29 00:14:49.165000
90929000,0.0342,1,2024-04-29 00:14:49.165000
90936000,0.0406,1,2024-04-29 00:14:49.165000
90937000,0.1705,1,2024-04-29 00:14:49.165000
90876000,0.0822,0,2024-04-29 00:14:54.393000
90875000,0.0269,0,2024-04-29 00:14:54.393000
90874000,0.001,0,2024-04-29 00:14:54.393000
90872000,0.0141,0,2024-04-29 00:14:54.393000
90870000,0.0156,0,2024-04-29 00:14:54.393000
90877000,0.0008,1,2024-04-29 00:14:54.393000
90881000,0.002,1,2024-04-29 00:14:54.393000
90882000,0.031,1,2024-04-29 00:14:54.393000
90929000,0.0369,1,2024-04-29 00:14:54.393000
90936000,0.1087,1,2024-04-29 00:14:54.393000
90877000,0.0027,0,2024-04-29 00:14:59.636000
90874000,0.001,0,2024-04-29 00:14:59.636000
90872000,0.001,0,2024-04-29 00:14:59.636000
90870000,0.001,0,2024-04-29 00:14:59.636000
90868000,0.0474,0,2024-04-29 00:14:59.636000
90882000,0.011,1,2024-04-29 00:14:59.636000
90921000,0.0369,1,2024-04-29 00:14:59.636000
90927000,0.018,1,2024-04-29 00:14:59.636000
90928000,0.0793,1,2024-04-29 00:14:59.636000
90929000,0.1366,1,2024-04-29 00:14:59.636000
90875000,0.001,0,2024-04-29 00:15:04.875000
90874000,0.001,0,2024-04-29 00:15:04.875000
90872000,0.001,0,2024-04-29 00:15:04.875000
90870000,0.001,0,2024-04-29 00:15:04.875000
90868000,0.0474,0,2024-04-29 00:15:04.875000
90876000,0.1265,1,2024-04-29 00:15:04.875000
90882000,0.011,1,2024-04-29 00:15:04.875000
90921000,0.0027,1,2024-04-29 00:15:04.875000
90928000,0.0422,1,2024-04-29 00:15:04.875000
90929000,0.0994,1,2024-04-29 00:15:04.875000
90874000,0.001,0,2024-04-29 00:15:10.099000
90872000,0.001,0,2024-04-29 00:15:10.099000
90870000,0.0481,0,2024-04-29 00:15:10.099000
90869000,0.0618,0,2024-04-29 00:15:10.099000
90868000,0.0002,0,2024-04-29 00:15:10.099000
90875000,0.0375,1,2024-04-29 00:15:10.099000
90876000,0.077,1,2024-04-29 00:15:10.099000
90882000,0.011,1,2024-04-29 00:15:10.099000
90931000,0.041,1,2024-04-29 00:15:10.099000
90933000,0.0858,1,2024-04-29 00:15:10.099000
90874000,0.001,0,2024-04-29 00:15:15.325000
90872000,0.001,0,2024-04-29 00:15:15.325000
90870000,0.0482,0,2024-04-29 00:15:15.325000
90869000,0.0619,0,2024-04-29 00:15:15.325000
90868000,0.0002,0,2024-04-29 00:15:15.325000
90875000,0.0353,1,2024-04-29 00:15:15.325000
90876000,0.077,1,2024-04-29 00:15:15.325000
90882000,0.011,1,2024-04-29 00:15:15.325000
90922000,0.0369,1,2024-04-29 00:15:15.325000
90930000,0.018,1,2024-04-29 00:15:15.325000
90874000,0.001,0,2024-04-29 00:15:20.595000
90872000,0.001,0,2024-04-29 00:15:20.595000
90870000,0.001,0,2024-04-29 00:15:20.595000
90868000,0.0002,0,2024-04-29 00:15:20.595000
90867000,0.0521,0,2024-04-29 00:15:20.595000
90875000,0.024,1,2024-04-29 00:15:20.595000
90876000,0.077,1,2024-04-29 00:15:20.595000
90882000,0.011,1,2024-04-29 00:15:20.595000
90902000,0.0369,1,2024-04-29 00:15:20.595000
90909000,0.1048,1,2024-04-29 00:15:20.595000
90874000,0.001,0,2024-04-29 00:15:25.837000
90872000,0.001,0,2024-04-29 00:15:25.837000
90870000,0.001,0,2024-04-29 00:15:25.837000
90868000,0.0002,0,2024-04-29 00:15:25.837000
90867000,0.0521,0,2024-04-29 00:15:25.837000
90875000,0.024,1,2024-04-29 00:15:25.837000
90876000,0.077,1,2024-04-29 00:15:25.837000
90882000,0.011,1,2024-04-29 00:15:25.837000
90891000,0.0369,1,2024-04-29 00:15:25.837000
90899000,0.1108,1,2024-04-29 00:15:25.837000
90874000,0.0091,0,2024-04-29 00:15:31.116000
90872000,0.001,0,2024-04-29 00:15:31.116000
90870000,0.001,0,2024-04-29 00:15:31.116000
90868000,0.0002,0,2024-04-29 00:15:31.116000
90867000,0.0521,0,2024-04-29 00:15:31.116000
90882000,0.011,1,2024-04-29 00:15:31.116000
90885000,0.0369,1,2024-04-29 00:15:31.116000
90893000,0.1108,1,2024-04-29 00:15:31.116000
90894000,0.041,1,2024-04-29 00:15:31.116000
90895000,0.112,1,2024-04-29 00:15:31.116000
90873000,0.001,0,2024-04-29 00:15:36.345000
90872000,0.001,0,2024-04-29 00:15:36.345000
90870000,0.001,0,2024-04-29 00:15:36.345000
90868000,0.0002,0,2024-04-29 00:15:36.345000
90867000,0.0521,0,2024-04-29 00:15:36.345000
90874000,0.0332,1,2024-04-29 00:15:36.345000
90882000,0.018,1,2024-04-29 00:15:36.345000
90883000,0.1338,1,2024-04-29 00:15:36.345000
90884000,0.0438,1,2024-04-29 00:15:36.345000
90885000,0.0682,1,2024-04-29 00:15:36.345000
90873000,0.001,0,2024-04-29 00:15:41.583000
90872000,0.001,0,2024-04-29 00:15:41.583000
90870000,0.001,0,2024-04-29 00:15:41.583000
90868000,0.0003,0,2024-04-29 00:15:41.583000
90867000,0.0521,0,2024-04-29 00:15:41.583000
90874000,0.0332,1,2024-04-29 00:15:41.583000
90882000,0.018,1,2024-04-29 00:15:41.583000
90883000,0.1338,1,2024-04-29 00:15:41.583000
90884000,0.0438,1,2024-04-29 00:15:41.583000
90885000,0.0682,1,2024-04-29 00:15:41.583000
90872000,0.001,0,2024-04-29 00:15:46.848000
90870000,0.001,0,2024-04-29 00:15:46.848000
90868000,0.0003,0,2024-04-29 00:15:46.848000
90867000,0.0521,0,2024-04-29 00:15:46.848000
90866000,0.1737,0,2024-04-29 00:15:46.848000
90874000,0.1039,1,2024-04-29 00:15:46.848000
90882000,0.018,1,2024-04-29 00:15:46.848000
90883000,0.1338,1,2024-04-29 00:15:46.848000
90884000,0.0438,1,2024-04-29 00:15:46.848000
90885000,0.0682,1,2024-04-29 00:15:46.848000
90870000,0.001,0,2024-04-29 00:15:52.095000
90868000,0.0003,0,2024-04-29 00:15:52.095000
90867000,0.0521,0,2024-04-29 00:15:52.095000
90866000,0.1737,0,2024-04-29 00:15:52.095000
90865000,0.051,0,2024-04-29 00:15:52.095000
90872000,0.0634,1,2024-04-29 00:15:52.095000
90874000,0.0629,1,2024-04-29 00:15:52.095000
90882000,0.018,1,2024-04-29 00:15:52.095000
90883000,0.1338,1,2024-04-29 00:15:52.095000
90884000,0.0438,1,2024-04-29 00:15:52.095000
90870000,0.001,0,2024-04-29 00:15:57.345000
90868000,0.0003,0,2024-04-29 00:15:57.345000
90867000,0.0521,0,2024-04-29 00:15:57.345000
90866000,0.1737,0,2024-04-29 00:15:57.345000
90865000,0.051,0,2024-04-29 00:15:57.345000
90871000,0.0075,1,2024-04-29 00:15:57.345000
90872000,0.0689,1,2024-04-29 00:15:57.345000
90874000,0.0629,1,2024-04-29 00:15:57.345000
90882000,0.018,1,2024-04-29 00:15:57.345000
90883000,0.1338,1,2024-04-29 00:15:57.345000
90872000,0.001,0,2024-04-29 00:16:02.580000
90871000,0.0065,0,2024-04-29 00:16:02.580000
90870000,0.001,0,2024-04-29 00:16:02.580000
90868000,0.0003,0,2024-04-29 00:16:02.580000
90867000,0.0521,0,2024-04-29 00:16:02.580000
90874000,0.0379,1,2024-04-29 00:16:02.580000
90901000,0.018,1,2024-04-29 00:16:02.580000
90902000,0.1338,1,2024-04-29 00:16:02.580000
90903000,0.0438,1,2024-04-29 00:16:02.580000
90904000,0.1065,1,2024-04-29 00:16:02.580000
90873000,0.0065,0,2024-04-29 00:16:07.813000
90870000,0.001,0,2024-04-29 00:16:07.813000
90868000,0.0003,0,2024-04-29 00:16:07.813000
90867000,0.0521,0,2024-04-29 00:16:07.813000
90866000,0.1737,0,2024-04-29 00:16:07.813000
90874000,0.0379,1,2024-04-29 00:16:07.813000
90897000,0.1108,1,2024-04-29 00:16:07.813000
90898000,0.041,1,2024-04-29 00:16:07.813000
90899000,0.0438,1,2024-04-29 00:16:07.813000
90900000,0.0682,1,2024-04-29 00:16:07.813000
90871000,0.001,0,2024-04-29 00:16:13.105000
90870000,0.001,0,2024-04-29 00:16:13.105000
90868000,0.0003,0,2024-04-29 00:16:13.105000
90867000,0.0521,0,2024-04-29 00:16:13.105000
90866000,0.1737,0,2024-04-29 00:16:13.105000
90874000,0.0434,1,2024-04-29 00:16:13.105000
90886000,0.1108,1,2024-04-29 00:16:13.105000
90887000,0.041,1,2024-04-29 00:16:13.105000
90888000,0.0438,1,2024-04-29 00:16:13.105000
90889000,0.0682,1,2024-04-29 00:16:13.105000
90866000,0.1697,0,2024-04-29 00:16:18.339000
90865000,0.0512,0,2024-04-29 00:16:18.339000
90864000,0.0114,0,2024-04-29 00:16:18.339000
90862000,0.0005,0,2024-04-29 00:16:18.339000
90860000,0.0044,0,2024-04-29 00:16:18.339000
90873000,0.0055,1,2024-04-29 00:16:18.339000
90874000,0.0379,1,2024-04-29 00:16:18.339000
90886000,0.1108,1,2024-04-29 00:16:18.339000
90887000,0.041,1,2024-04-29 00:16:18.339000
90888000,0.044,1,2024-04-29 00:16:18.339000
90866000,0.1697,0,2024-04-29 00:16:23.572000
90865000,0.0512,0,2024-04-29 00:16:23.572000
90864000,0.0114,0,2024-04-29 00:16:23.572000
90862000,0.0005,0,2024-04-29 00:16:23.572000
90860000,0.0044,0,2024-04-29 00:16:23.572000
90871000,0.002,1,2024-04-29 00:16:23.572000
90872000,0.0071,1,2024-04-29 00:16:23.572000
90874000,0.0379,1,2024-04-29 00:16:23.572000
90878000,0.1108,1,2024-04-29 00:16:23.572000
90879000,0.041,1,2024-04-29 00:16:23.572000
90866000,0.1697,0,2024-04-29 00:16:28.812000
90865000,0.0512,0,2024-04-29 00:16:28.812000
90864000,0.0114,0,2024-04-29 00:16:28.812000
90862000,0.0005,0,2024-04-29 00:16:28.812000
90860000,0.0044,0,2024-04-29 00:16:28.812000
90870000,0.0075,1,2024-04-29 00:16:28.812000
90872000,0.0016,1,2024-04-29 00:16:28.812000
90874000,0.0379,1,2024-04-29 00:16:28.812000
90878000,0.1108,1,2024-04-29 00:16:28.812000
90879000,0.041,1,2024-04-29 00:16:28.812000
90866000,0.1537,0,2024-04-29 00:16:34.058000
90865000,0.0512,0,2024-04-29 00:16:34.058000
90864000,0.0114,0,2024-04-29 00:16:34.058000
90862000,0.0005,0,2024-04-29 00:16:34.058000
90860000,0.0044,0,2024-04-29 00:16:34.058000
90869000,0.0075,1,2024-04-29 00:16:34.058000
90872000,0.0016,1,2024-04-29 00:16:34.058000
90874000,0.0379,1,2024-04-29 00:16:34.058000
90878000,0.1108,1,2024-04-29 00:16:34.058000
90879000,0.041,1,2024-04-29 00:16:34.058000
90866000,0.2073,0,2024-04-29 00:16:39.284000
90865000,0.0512,0,2024-04-29 00:16:39.284000
90864000,0.0114,0,2024-04-29 00:16:39.284000
90862000,0.0005,0,2024-04-29 00:16:39.284000
90860000,0.0044,0,2024-04-29 00:16:39.284000
90872000,0.0012,1,2024-04-29 00:16:39.284000
90874000,0.1487,1,2024-04-29 00:16:39.284000
90875000,0.0848,1,2024-04-29 00:16:39.284000
90876000,0.0682,1,2024-04-29 00:16:39.284000
90878000,0.0383,1,2024-04-29 00:16:39.284000
90849000,0.012,0,2024-04-29 00:16:44.511000
90848000,0.0246,0,2024-04-29 00:16:44.511000
90846000,0.1526,0,2024-04-29 00:16:44.511000
90845000,0.0015,0,2024-04-29 00:16:44.511000
90844000,0.0017,0,2024-04-29 00:16:44.511000
90850000,0.042,1,2024-04-29 00:16:44.511000
90853000,0.032,1,2024-04-29 00:16:44.511000
90855000,0.0319,1,2024-04-29 00:16:44.511000
90856000,0.0718,1,2024-04-29 00:16:44.511000
90858000,0.0305,1,2024-04-29 00:16:44.511000
90849000,0.012,0,2024-04-29 00:16:49.765000
90848000,0.0246,0,2024-04-29 00:16:49.765000
90846000,0.1526,0,2024-04-29 00:16:49.765000
90845000,0.0015,0,2024-04-29 00:16:49.765000
90844000,0.0017,0,2024-04-29 00:16:49.765000
90850000,0.033,1,2024-04-29 00:16:49.765000
90853000,0.032,1,2024-04-29 00:16:49.765000
90855000,0.0319,1,2024-04-29 00:16:49.765000
90856000,0.0718,1,2024-04-29 00:16:49.765000
90858000,0.0305,1,2024-04-29 00:16:49.765000
90849000,0.014,0,2024-04-29 00:16:55.020000
90848000,0.0246,0,2024-04-29 00:16:55.020000
90846000,0.1526,0,2024-04-29 00:16:55.020000
90845000,0.0015,0,2024-04-29 00:16:55.020000
90844000,0.0017,0,2024-04-29 00:16:55.020000
90850000,0.033,1,2024-04-29 00:16:55.020000
90853000,0.032,1,2024-04-29 00:16:55.020000
90855000,0.0319,1,2024-04-29 00:16:55.020000
90856000,0.0718,1,2024-04-29 00:16:55.020000
90857000,0.0108,1,2024-04-29 00:16:55.020000
90848000,0.0106,0,2024-04-29 00:17:00.251000
90846000,0.1526,0,2024-04-29 00:17:00.251000
90845000,0.0015,0,2024-04-29 00:17:00.251000
90844000,0.0017,0,2024-04-29 00:17:00.251000
90843000,0.0024,0,2024-04-29 00:17:00.251000
90849000,0.0746,1,2024-04-29 00:17:00.251000
90850000,0.002,1,2024-04-29 00:17:00.251000
90853000,0.019,1,2024-04-29 00:17:00.251000
90855000,0.0319,1,2024-04-29 00:17:00.251000
90856000,0.0718,1,2024-04-29 00:17:00.251000
90846000,0.1526,0,2024-04-29 00:17:05.480000
90845000,0.0015,0,2024-04-29 00:17:05.480000
90844000,0.0017,0,2024-04-29 00:17:05.480000
90843000,0.0024,0,2024-04-29 00:17:05.480000
90842000,0.0114,0,2024-04-29 00:17:05.480000
90848000,0.5556,1,2024-04-29 00:17:05.480000
90849000,0.0251,1,2024-04-29 00:17:05.480000
90853000,0.019,1,2024-04-29 00:17:05.480000
90856000,0.0319,1,2024-04-29 00:17:05.480000
90857000,0.0718,1,2024-04-29 00:17:05.480000
90846000,0.1484,0,2024-04-29 00:17:10.747000
90845000,0.0015,0,2024-04-29 00:17:10.747000
90844000,0.0017,0,2024-04-29 00:17:10.747000
90843000,0.0024,0,2024-04-29 00:17:10.747000
90842000,0.0114,0,2024-04-29 00:17:10.747000
90847000,0.0075,1,2024-04-29 00:17:10.747000
90848000,0.5501,1,2024-04-29 00:17:10.747000
90849000,0.0251,1,2024-04-29 00:17:10.747000
90853000,0.019,1,2024-04-29 00:17:10.747000
90856000,0.0319,1,2024-04-29 00:17:10.747000
90846000,0.1381,0,2024-04-29 00:17:15.969000
90845000,0.0015,0,2024-04-29 00:17:15.969000
90844000,0.0017,0,2024-04-29 00:17:15.969000
90843000,0.0024,0,2024-04-29 00:17:15.969000
90842000,0.0114,0,2024-04-29 00:17:15.969000
90847000,0.0073,1,2024-04-29 00:17:15.969000
90848000,0.5501,1,2024-04-29 00:17:15.969000
90849000,0.0251,1,2024-04-29 00:17:15.969000
90853000,0.019,1,2024-04-29 00:17:15.969000
90856000,0.0319,1,2024-04-29 00:17:15.969000
90846000,0.0836,0,2024-04-29 00:17:21.205000
90845000,0.0015,0,2024-04-29 00:17:21.205000
90844000,0.0017,0,2024-04-29 00:17:21.205000
90843000,0.0024,0,2024-04-29 00:17:21.205000
90842000,0.0114,0,2024-04-29 00:17:21.205000
90847000,0.0073,1,2024-04-29 00:17:21.205000
90848000,0.5691,1,2024-04-29 00:17:21.205000
90849000,0.0251,1,2024-04-29 00:17:21.205000
90851000,0.0307,1,2024-04-29 00:17:21.205000
90852000,0.0411,1,2024-04-29 00:17:21.205000
90830000,0.0182,0,2024-04-29 00:17:26.431000
90827000,0.0117,0,2024-04-29 00:17:26.431000
90825000,0.0015,0,2024-04-29 00:17:26.431000
90824000,0.0022,0,2024-04-29 00:17:26.431000
90822000,0.0036,0,2024-04-29 00:17:26.431000
90832000,0.0219,1,2024-04-29 00:17:26.431000
90833000,0.03,1,2024-04-29 00:17:26.431000
90836000,0.0227,1,2024-04-29 00:17:26.431000
90837000,0.0211,1,2024-04-29 00:17:26.431000
90841000,0.1393,1,2024-04-29 00:17:26.431000
90825000,0.0015,0,2024-04-29 00:17:31.658000
90824000,0.0022,0,2024-04-29 00:17:31.658000
90822000,0.0036,0,2024-04-29 00:17:31.658000
90820000,0.0149,0,2024-04-29 00:17:31.658000
90815000,0.0038,0,2024-04-29 00:17:31.658000
90827000,0.0148,1,2024-04-29 00:17:31.658000
90832000,0.0219,1,2024-04-29 00:17:31.658000
90833000,0.03,1,2024-04-29 00:17:31.658000
90835000,0.314,1,2024-04-29 00:17:31.658000
90836000,0.0227,1,2024-04-29 00:17:31.658000
90824000,0.0022,0,2024-04-29 00:17:36.889000
90822000,0.0036,0,2024-04-29 00:17:36.889000
90820000,0.0149,0,2024-04-29 00:17:36.889000
90815000,0.0038,0,2024-04-29 00:17:36.889000
90814000,0.0001,0,2024-04-29 00:17:36.889000
90825000,0.0378,1,2024-04-29 00:17:36.889000
90826000,0.002,1,2024-04-29 00:17:36.889000
90827000,0.0219,1,2024-04-29 00:17:36.889000
90830000,0.0251,1,2024-04-29 00:17:36.889000
90831000,0.0227,1,2024-04-29 00:17:36.889000
90824000,0.0023,0,2024-04-29 00:17:42.136000
90822000,0.004,0,2024-04-29 00:17:42.136000
90820000,0.0149,0,2024-04-29 00:17:42.136000
90815000,0.0038,0,2024-04-29 00:17:42.136000
90814000,0.0001,0,2024-04-29 00:17:42.136000
90825000,0.0528,1,2024-04-29 00:17:42.136000
90826000,0.03,1,2024-04-29 00:17:42.136000
90829000,0.0211,1,2024-04-29 00:17:42.136000
90830000,0.0251,1,2024-04-29 00:17:42.136000
90834000,0.0672,1,2024-04-29 00:17:42.136000
90824000,0.0,0,2024-04-29 00:17:47.472000
90822000,0.004,0,2024-04-29 00:17:47.472000
90820000,0.0149,0,2024-04-29 00:17:47.472000
90815000,0.0038,0,2024-04-29 00:17:47.472000
90814000,0.0001,0,2024-04-29 00:17:47.472000
90825000,0.0527,1,2024-04-29 00:17:47.472000
90826000,0.03,1,2024-04-29 00:17:47.472000
90829000,0.0438,1,2024-04-29 00:17:47.472000
90834000,0.0979,1,2024-04-29 00:17:47.472000
90835000,0.3445,1,2024-04-29 00:17:47.472000
90820000,0.0184,0,2024-04-29 00:17:52.727000
90815000,0.0038,0,2024-04-29 00:17:52.727000
90814000,0.0001,0,2024-04-29 00:17:52.727000
90810000,0.0026,0,2024-04-29 00:17:52.727000
90808000,0.0026,0,2024-04-29 00:17:52.727000
90821000,0.0073,1,2024-04-29 00:17:52.727000
90827000,0.0057,1,2024-04-29 00:17:52.727000
90828000,0.03,1,2024-04-29 00:17:52.727000
90831000,0.0438,1,2024-04-29 00:17:52.727000
90835000,0.3142,1,2024-04-29 00:17:52.727000
90815000,0.0038,0,2024-04-29 00:17:57.951000
90814000,0.0001,0,2024-04-29 00:17:57.951000
90810000,0.0026,0,2024-04-29 00:17:57.951000
90808000,0.0026,0,2024-04-29 00:17:57.951000
90804000,0.0003,0,2024-04-29 00:17:57.951000
90820000,0.0198,1,2024-04-29 00:17:57.951000
90827000,0.0057,1,2024-04-29 00:17:57.951000
90828000,0.03,1,2024-04-29 00:17:57.951000
90831000,0.0438,1,2024-04-29 00:17:57.951000
90835000,0.3142,1,2024-04-29 00:17:57.951000
90817000,0.0065,0,2024-04-29 00:18:03.220000
90816000,0.001,0,2024-04-29 00:18:03.220000
90815000,0.0038,0,2024-04-29 00:18:03.220000
90814000,0.0001,0,2024-04-29 00:18:03.220000
90810000,0.0026,0,2024-04-29 00:18:03.220000
90832000,0.0028,1,2024-04-29 00:18:03.220000
90833000,0.03,1,2024-04-29 00:18:03.220000
90835000,0.0002,1,2024-04-29 00:18:03.220000
90836000,0.0227,1,2024-04-29 00:18:03.220000
90837000,0.0211,1,2024-04-29 00:18:03.220000
90818000,0.0036,0,2024-04-29 00:18:08.491000
90817000,0.0001,0,2024-04-29 00:18:08.491000
90815000,0.0038,0,2024-04-29 00:18:08.491000
90814000,0.0001,0,2024-04-29 00:18:08.491000
90812000,0.001,0,2024-04-29 00:18:08.491000
90830000,0.0008,1,2024-04-29 00:18:08.491000
90833000,0.03,1,2024-04-29 00:18:08.491000
90834000,0.0211,1,2024-04-29 00:18:08.491000
90835000,0.0002,1,2024-04-29 00:18:08.491000
90836000,0.0227,1,2024-04-29 00:18:08.491000
90819000,0.0026,0,2024-04-29 00:18:13.747000
90818000,0.0006,0,2024-04-29 00:18:13.747000
90817000,0.0001,0,2024-04-29 00:18:13.747000
90815000,0.0038,0,2024-04-29 00:18:13.747000
90814000,0.0002,0,2024-04-29 00:18:13.747000
90830000,0.0007,1,2024-04-29 00:18:13.747000
90833000,0.03,1,2024-04-29 00:18:13.747000
90834000,0.0211,1,2024-04-29 00:18:13.747000
90835000,0.0002,1,2024-04-29 00:18:13.747000
90836000,0.0227,1,2024-04-29 00:18:13.747000
90818000,0.0016,0,2024-04-29 00:18:19.015000
90817000,0.0001,0,2024-04-29 00:18:19.015000
90815000,0.0038,0,2024-04-29 00:18:19.015000
90814000,0.0002,0,2024-04-29 00:18:19.015000
90813000,0.001,0,2024-04-29 00:18:19.015000
90819000,0.0244,1,2024-04-29 00:18:19.015000
90830000,0.0007,1,2024-04-29 00:18:19.015000
90833000,0.03,1,2024-04-29 00:18:19.015000
90834000,0.0211,1,2024-04-29 00:18:19.015000
90835000,0.0002,1,2024-04-29 00:18:19.015000
90818000,0.0016,0,2024-04-29 00:18:24.240000
90817000,0.0001,0,2024-04-29 00:18:24.240000
90815000,0.0038,0,2024-04-29 00:18:24.240000
90814000,0.0002,0,2024-04-29 00:18:24.240000
90813000,0.001,0,2024-04-29 00:18:24.240000
90819000,0.0071,1,2024-04-29 00:18:24.240000
90830000,0.0007,1,2024-04-29 00:18:24.240000
90833000,0.03,1,2024-04-29 00:18:24.240000
90834000,0.0211,1,2024-04-29 00:18:24.240000
90835000,0.0002,1,2024-04-29 00:18:24.240000
90819000,0.0055,0,2024-04-29 00:18:29.508000
90818000,0.0007,0,2024-04-29 00:18:29.508000
90817000,0.0001,0,2024-04-29 00:18:29.508000
90815000,0.0038,0,2024-04-29 00:18:29.508000
90814000,0.0002,0,2024-04-29 00:18:29.508000
90841000,0.0007,1,2024-04-29 00:18:29.508000
90843000,0.03,1,2024-04-29 00:18:29.508000
90846000,0.0227,1,2024-04-29 00:18:29.508000
90848000,0.2986,1,2024-04-29 00:18:29.508000
90849000,0.0374,1,2024-04-29 00:18:29.508000
90819000,0.0001,0,2024-04-29 00:18:34.731000
90818000,0.0007,0,2024-04-29 00:18:34.731000
90817000,0.0001,0,2024-04-29 00:18:34.731000
90815000,0.0038,0,2024-04-29 00:18:34.731000
90814000,0.0002,0,2024-04-29 00:18:34.731000
90840000,0.1155,1,2024-04-29 00:18:34.731000
90841000,0.0007,1,2024-04-29 00:18:34.731000
90843000,0.03,1,2024-04-29 00:18:34.731000
90846000,0.0227,1,2024-04-29 00:18:34.731000
90848000,0.2986,1,2024-04-29 00:18:34.731000
90820000,0.001,0,2024-04-29 00:18:39.955000
90819000,0.0001,0,2024-04-29 00:18:39.955000
90818000,0.0007,0,2024-04-29 00:18:39.955000
90817000,0.0001,0,2024-04-29 00:18:39.955000
90815000,0.0038,0,2024-04-29 00:18:39.955000
90840000,0.0055,1,2024-04-29 00:18:39.955000
90843000,0.0079,1,2024-04-29 00:18:39.955000
90855000,0.0007,1,2024-04-29 00:18:39.955000
90857000,0.03,1,2024-04-29 00:18:39.955000
90859000,0.0227,1,2024-04-29 00:18:39.955000
90820000,0.0063,0,2024-04-29 00:18:45.181000
90819000,0.0001,0,2024-04-29 00:18:45.181000
90818000,0.0344,0,2024-04-29 00:18:45.181000
90817000,0.0001,0,2024-04-29 00:18:45.181000
90815000,0.0038,0,2024-04-29 00:18:45.181000
90857000,0.0001,1,2024-04-29 00:18:45.181000
90859000,0.0227,1,2024-04-29 00:18:45.181000
90863000,0.0374,1,2024-04-29 00:18:45.181000
90864000,0.0307,1,2024-04-29 00:18:45.181000
90865000,0.0303,1,2024-04-29 00:18:45.181000
90821000,0.0007,0,2024-04-29 00:18:50.462000
90820000,0.0005,0,2024-04-29 00:18:50.462000
90819000,0.0001,0,2024-04-29 00:18:50.462000
90818000,0.0344,0,2024-04-29 00:18:50.462000
90817000,0.0001,0,2024-04-29 00:18:50.462000
90856000,0.0659,1,2024-04-29 00:18:50.462000
90866000,0.0002,1,2024-04-29 00:18:50.462000
90869000,0.0002,1,2024-04-29 00:18:50.462000
90872000,0.0001,1,2024-04-29 00:18:50.462000
90874000,0.0606,1,2024-04-29 00:18:50.462000
90831000,0.0007,0,2024-04-29 00:18:55.706000
90830000,0.0734,0,2024-04-29 00:18:55.706000
90820000,0.0005,0,2024-04-29 00:18:55.706000
90819000,0.0001,0,2024-04-29 00:18:55.706000
90818000,0.0344,0,2024-04-29 00:18:55.706000
90856000,0.0659,1,2024-04-29 00:18:55.706000
90866000,0.0002,1,2024-04-29 00:18:55.706000
90869000,0.0002,1,2024-04-29 00:18:55.706000
90872000,0.0001,1,2024-04-29 00:18:55.706000
90874000,0.0606,1,2024-04-29 00:18:55.706000
90833000,0.001,0,2024-04-29 00:19:00.976000
90830000,0.0734,0,2024-04-29 00:19:00.976000
90820000,0.0005,0,2024-04-29 00:19:00.976000
90819000,0.1117,0,2024-04-29 00:19:00.976000
90818000,0.0346,0,2024-04-29 00:19:00.976000
90856000,0.0192,1,2024-04-29 00:19:00.976000
90866000,0.0002,1,2024-04-29 00:19:00.976000
90869000,0.0002,1,2024-04-29 00:19:00.976000
90872000,0.0001,1,2024-04-29 00:19:00.976000
90874000,0.0606,1,2024-04-29 00:19:00.976000
90831000,0.0065,0,2024-04-29 00:19:06.218000
90830000,0.0726,0,2024-04-29 00:19:06.218000
90820000,0.0022,0,2024-04-29 00:19:06.218000
90819000,0.1117,0,2024-04-29 00:19:06.218000
90818000,0.0346,0,2024-04-29 00:19:06.218000
90874000,0.0559,1,2024-04-29 00:19:06.218000
90876000,0.0307,1,2024-04-29 00:19:06.218000
90878000,0.0374,1,2024-04-29 00:19:06.218000
90879000,0.0601,1,2024-04-29 00:19:06.218000
90881000,0.314,1,2024-04-29 00:19:06.218000
90832000,0.1178,0,2024-04-29 00:19:11.442000
90831000,0.0923,0,2024-04-29 00:19:11.442000
90830000,0.0729,0,2024-04-29 00:19:11.442000
90829000,0.0772,0,2024-04-29 00:19:11.442000
90828000,0.0301,0,2024-04-29 00:19:11.442000
90874000,0.0332,1,2024-04-29 00:19:11.442000
90888000,0.0002,1,2024-04-29 00:19:11.442000
90890000,0.0227,1,2024-04-29 00:19:11.442000
90893000,0.0307,1,2024-04-29 00:19:11.442000
90895000,0.3514,1,2024-04-29 00:19:11.442000
90832000,0.1178,0,2024-04-29 00:19:16.673000
90831000,0.029,0,2024-04-29 00:19:16.673000
90830000,0.0731,0,2024-04-29 00:19:16.673000
90829000,0.0772,0,2024-04-29 00:19:16.673000
90828000,0.0301,0,2024-04-29 00:19:16.673000
90873000,0.002,1,2024-04-29 00:19:16.673000
90874000,0.0237,1,2024-04-29 00:19:16.673000
90888000,0.0002,1,2024-04-29 00:19:16.673000
90890000,0.0227,1,2024-04-29 00:19:16.673000
90893000,0.0307,1,2024-04-29 00:19:16.673000
90832000,0.0055,0,2024-04-29 00:19:21.906000
90831000,0.029,0,2024-04-29 00:19:21.906000
90830000,0.0726,0,2024-04-29 00:19:21.906000
90820000,0.0024,0,2024-04-29 00:19:21.906000
90819000,0.0001,0,2024-04-29 00:19:21.906000
90873000,0.002,1,2024-04-29 00:19:21.906000
90874000,0.3377,1,2024-04-29 00:19:21.906000
90876000,0.0307,1,2024-04-29 00:19:21.906000
90878000,0.0374,1,2024-04-29 00:19:21.906000
90879000,0.0303,1,2024-04-29 00:19:21.906000
90832000,0.0055,0,2024-04-29 00:19:27.140000
90831000,0.029,0,2024-04-29 00:19:27.140000
90830000,0.0726,0,2024-04-29 00:19:27.140000
90820000,0.0022,0,2024-04-29 00:19:27.140000
90819000,0.0001,0,2024-04-29 00:19:27.140000
90872000,0.002,1,2024-04-29 00:19:27.140000
90873000,0.0197,1,2024-04-29 00:19:27.140000
90874000,0.3377,1,2024-04-29 00:19:27.140000
90876000,0.0307,1,2024-04-29 00:19:27.140000
90878000,0.0374,1,2024-04-29 00:19:27.140000
